datetime, ask, ask_size, bid, bid_size
26/03/2025 07:36:00,3032.3,2,3032.2,1
26/03/2025 07:36:00,3032.3,2,3032.2,1
26/03/2025 07:36:00,3032.3,2,3032.2,1
26/03/2025 07:36:00,3032.3,2,3032.2,1
26/03/2025 07:36:00,3032.3,2,3032.2,1
26/03/2025 07:36:02,3032.3,2,3032.2,1
26/03/2025 07:36:15,3032.3,2,3032.2,1
26/03/2025 07:36:15,3032.3,2,3032.2,1
26/03/2025 07:36:15,3032.3,2,3032.2,1
26/03/2025 07:36:15,3032.3,2,3032.2,1
26/03/2025 07:36:16,3032.3,2,3032.2,1
26/03/2025 07:36:27,3032.3,2,3032.2,1
26/03/2025 07:36:28,3032.3,2,3032.2,1
26/03/2025 07:36:28,3032.3,2,3032.2,1
26/03/2025 07:36:31,3032.3,2,3032.2,1
26/03/2025 07:36:31,3032.3,2,3032.2,1
26/03/2025 07:36:32,3032.3,2,3032.2,1
26/03/2025 07:36:32,3032.3,2,3032.2,1
26/03/2025 07:36:32,3032.3,2,3032.2,1
26/03/2025 07:36:33,3032.3,2,3032.2,1
26/03/2025 07:36:33,3032.3,2,3032.2,1
26/03/2025 07:36:39,3032.3,2,3032.2,1
26/03/2025 07:36:39,3032.3,2,3032.2,1
26/03/2025 07:36:49,3032.3,2,3032.2,1
26/03/2025 07:36:52,3032.3,2,3032.2,1
26/03/2025 07:36:52,3032.3,2,3032.2,1
26/03/2025 07:36:55,3032.3,2,3032.2,1
26/03/2025 07:36:55,3032.3,2,3032.2,1
26/03/2025 07:36:56,3032.3,2,3032.2,1
26/03/2025 07:36:56,3032.3,2,3032.2,1
26/03/2025 07:36:58,3032.3,2,3032.2,1
26/03/2025 07:36:59,3032.3,2,3032.2,1
26/03/2025 07:36:59,3032.3,2,3032.2,1
26/03/2025 07:37:02,3032.3,3,3032.2,1
26/03/2025 07:37:02,3032.3,1,3032.2,1
26/03/2025 07:37:02,3032.3,1,3032.2,1
26/03/2025 07:37:02,3032.3,1,3032.2,1
26/03/2025 07:37:02,3032.3,1,3032.2,1
26/03/2025 07:37:02,3032.3,1,3032.2,1
26/03/2025 07:37:02,3032.3,1,3032.2,1
26/03/2025 07:37:02,3032.3,1,3032.2,1
26/03/2025 07:37:03,3032.4,4,3032.2,5
26/03/2025 07:37:03,3032.4,4,3032.2,5
26/03/2025 07:37:03,3032.4,4,3032.2,5
26/03/2025 07:37:03,3032.4,2,3032.3,1
26/03/2025 07:37:03,3032.4,2,3032.3,1
26/03/2025 07:37:03,3032.4,5,3032.2,2
26/03/2025 07:37:03,3032.4,5,3032.2,2
26/03/2025 07:37:03,3032.4,5,3032.2,2
26/03/2025 07:37:03,3032.4,5,3032.2,2
26/03/2025 07:37:03,3032.4,5,3032.2,2
26/03/2025 07:37:03,3032.4,5,3032.2,2
26/03/2025 07:37:03,3032.1,1,3032.0,4
26/03/2025 07:37:04,3032.1,1,3032.0,4
26/03/2025 07:37:05,3032.3,6,3032.1,4
26/03/2025 07:37:05,3032.3,6,3032.1,4
26/03/2025 07:37:05,3032.3,6,3032.1,4
26/03/2025 07:37:05,3032.3,6,3032.1,4
26/03/2025 07:37:05,3032.4,4,3032.2,5
26/03/2025 07:37:06,3032.4,4,3032.2,5
26/03/2025 07:37:06,3032.2,7,3032.0,4
26/03/2025 07:37:07,3032.1,1,3032.0,4
26/03/2025 07:37:09,3032.3,6,3032.1,2
26/03/2025 07:37:09,3032.2,2,3032.0,8
26/03/2025 07:37:09,3032.2,2,3032.0,8
26/03/2025 07:37:09,3032.2,2,3032.0,8
26/03/2025 07:37:09,3032.1,1,3032.0,1
26/03/2025 07:37:10,3032.1,1,3032.0,1
26/03/2025 07:37:17,3032.1,4,3031.9,4
26/03/2025 07:37:17,3032.1,4,3031.9,4
26/03/2025 07:37:45,3032.2,9,3032.0,5
26/03/2025 07:37:45,3032.2,9,3032.0,5
26/03/2025 07:37:45,3032.2,9,3032.0,5
26/03/2025 07:37:45,3032.0,7,3031.8,5
26/03/2025 07:37:50,3032.0,3,3031.8,6
26/03/2025 07:37:50,3032.1,7,3031.8,11
26/03/2025 07:37:56,3032.1,5,3031.9,6
26/03/2025 07:38:04,3032.0,1,3031.9,4
26/03/2025 07:38:12,3032.1,4,3031.9,5
26/03/2025 07:38:15,3032.1,6,3031.9,4
26/03/2025 07:38:15,3032.0,4,3031.8,5
26/03/2025 07:38:20,3031.9,1,3031.8,2
26/03/2025 07:38:20,3031.7,1,3031.6,1
26/03/2025 07:38:20,3031.7,1,3031.6,1
26/03/2025 07:38:20,3031.7,1,3031.6,1
26/03/2025 07:38:20,3031.7,1,3031.5,9
26/03/2025 07:38:21,3031.7,1,3031.5,9
26/03/2025 07:38:22,3031.8,7,3031.6,1
26/03/2025 07:38:31,3031.8,7,3031.6,1
26/03/2025 07:38:31,3031.8,7,3031.6,1
26/03/2025 07:38:31,3031.6,1,3031.5,1
26/03/2025 07:38:37,3031.6,8,3031.4,3
26/03/2025 07:38:43,3031.6,9,3031.4,3
26/03/2025 07:38:43,3031.4,3,3031.3,7
26/03/2025 07:38:52,3031.4,4,3031.3,4
26/03/2025 07:38:52,3031.4,4,3031.3,4
26/03/2025 07:38:52,3031.4,4,3031.3,4
26/03/2025 07:38:53,3031.4,4,3031.3,4
26/03/2025 07:38:53,3031.5,12,3031.3,11
26/03/2025 07:39:00,3031.5,12,3031.3,8
26/03/2025 07:39:00,3031.6,2,3031.4,8
26/03/2025 07:39:02,3031.6,2,3031.4,8
26/03/2025 07:39:09,3031.6,1,3031.5,1
26/03/2025 07:39:09,3031.6,1,3031.5,4
26/03/2025 07:39:18,3031.6,1,3031.4,7
26/03/2025 07:39:18,3031.6,1,3031.4,7
26/03/2025 07:39:21,3031.5,2,3031.4,2
26/03/2025 07:39:29,3031.5,7,3031.3,8
26/03/2025 07:39:34,3031.5,4,3031.4,1
26/03/2025 07:39:36,3031.4,2,3031.3,3
26/03/2025 07:39:36,3031.5,6,3031.3,5
26/03/2025 07:39:39,3031.5,8,3031.3,2
26/03/2025 07:39:42,3031.5,5,3031.4,1
26/03/2025 07:39:51,3031.4,2,3031.3,3
26/03/2025 07:39:51,3031.4,2,3031.3,3
26/03/2025 07:39:51,3031.4,2,3031.3,3
26/03/2025 07:39:51,3031.5,2,3031.4,2
26/03/2025 07:39:56,3031.5,2,3031.4,2
26/03/2025 07:39:58,3031.6,2,3031.5,1
26/03/2025 07:39:58,3031.7,1,3031.5,7
26/03/2025 07:40:01,3031.7,2,3031.6,1
26/03/2025 07:40:02,3031.8,3,3031.7,1
26/03/2025 07:40:02,3031.8,4,3031.6,6
26/03/2025 07:40:04,3031.7,1,3031.6,2
26/03/2025 07:40:12,3031.8,4,3031.6,4
26/03/2025 07:40:12,3031.8,4,3031.6,4
26/03/2025 07:40:19,3031.7,1,3031.6,2
26/03/2025 07:40:23,3031.8,1,3031.7,3
26/03/2025 07:40:23,3031.7,1,3031.6,2
26/03/2025 07:40:38,3031.8,2,3031.6,4
26/03/2025 07:40:38,3031.8,2,3031.6,4
26/03/2025 07:40:43,3031.7,1,3031.6,3
26/03/2025 07:40:57,3031.8,5,3031.6,5
26/03/2025 07:40:57,3031.8,5,3031.6,5
26/03/2025 07:41:06,3031.8,6,3031.6,7
26/03/2025 07:41:06,3031.8,6,3031.6,7
26/03/2025 07:41:07,3032.0,5,3031.8,4
26/03/2025 07:41:07,3032.0,5,3031.8,4
26/03/2025 07:41:15,3032.0,6,3031.8,4
26/03/2025 07:41:16,3032.0,3,3031.9,1
26/03/2025 07:41:16,3032.0,3,3031.9,1
26/03/2025 07:41:17,3031.9,6,3031.7,3
26/03/2025 07:41:17,3031.9,3,3031.7,5
26/03/2025 07:41:20,3031.9,5,3031.7,3
26/03/2025 07:41:25,3031.8,2,3031.7,1
26/03/2025 07:41:26,3031.9,3,3031.8,2
26/03/2025 07:41:26,3032.1,9,3031.9,3
26/03/2025 07:41:33,3032.1,5,3031.9,5
26/03/2025 07:41:33,3032.1,5,3031.9,5
26/03/2025 07:41:33,3032.1,5,3031.9,5
26/03/2025 07:41:33,3032.1,5,3031.9,5
26/03/2025 07:41:45,3032.4,5,3032.2,3
26/03/2025 07:41:48,3032.5,8,3032.3,6
26/03/2025 07:41:48,3032.3,2,3032.2,1
26/03/2025 07:41:51,3032.3,2,3032.2,1
26/03/2025 07:41:53,3032.4,7,3032.2,3
26/03/2025 07:41:55,3032.2,2,3032.1,2
26/03/2025 07:41:56,3032.2,2,3032.1,2
26/03/2025 07:41:56,3032.1,6,3031.9,2
26/03/2025 07:41:56,3032.1,6,3031.9,2
26/03/2025 07:42:00,3032.1,3,3031.9,5
26/03/2025 07:42:00,3032.1,3,3031.9,5
26/03/2025 07:42:00,3032.1,3,3031.9,5
26/03/2025 07:42:00,3032.3,3,3032.1,6
26/03/2025 07:42:03,3032.3,3,3032.1,6
26/03/2025 07:42:03,3032.4,2,3032.2,7
26/03/2025 07:42:05,3032.4,2,3032.2,7
26/03/2025 07:42:05,3032.4,2,3032.3,1
26/03/2025 07:42:10,3032.4,3,3032.2,4
26/03/2025 07:42:15,3032.4,3,3032.2,2
26/03/2025 07:42:28,3032.5,6,3032.3,3
26/03/2025 07:42:28,3032.5,6,3032.3,3
26/03/2025 07:42:35,3032.5,5,3032.3,4
26/03/2025 07:42:35,3032.5,5,3032.3,4
26/03/2025 07:42:36,3032.8,3,3032.7,3
26/03/2025 07:42:36,3032.8,3,3032.7,3
26/03/2025 07:42:36,3032.8,3,3032.7,3
26/03/2025 07:42:36,3032.8,5,3032.6,2
26/03/2025 07:42:37,3032.8,5,3032.6,2
26/03/2025 07:42:38,3032.8,1,3032.6,4
26/03/2025 07:42:41,3032.9,3,3032.7,3
26/03/2025 07:42:43,3032.9,2,3032.7,4
26/03/2025 07:42:46,3032.9,1,3032.7,5
26/03/2025 07:42:50,3032.9,1,3032.8,2
26/03/2025 07:42:51,3033.0,6,3032.8,3
26/03/2025 07:42:51,3032.9,3,3032.7,3
26/03/2025 07:42:55,3033.0,9,3032.8,2
26/03/2025 07:43:00,3033.0,6,3032.8,6
26/03/2025 07:43:00,3033.0,6,3032.8,6
26/03/2025 07:43:00,3033.0,6,3032.8,6
26/03/2025 07:43:00,3033.0,6,3032.8,6
26/03/2025 07:43:00,3033.0,6,3032.8,6
26/03/2025 07:43:00,3033.0,6,3032.8,6
26/03/2025 07:43:00,3033.0,6,3032.8,6
26/03/2025 07:43:00,3033.0,6,3032.8,6
26/03/2025 07:43:00,3033.0,3,3032.8,3
26/03/2025 07:43:00,3033.0,3,3032.8,3
26/03/2025 07:43:00,3033.0,3,3032.8,3
26/03/2025 07:43:04,3033.0,2,3032.8,7
26/03/2025 07:43:04,3033.0,2,3032.8,7
26/03/2025 07:43:06,3033.0,4,3032.8,2
26/03/2025 07:43:12,3032.8,4,3032.7,1
26/03/2025 07:43:24,3032.8,7,3032.6,2
26/03/2025 07:43:24,3032.8,7,3032.6,2
26/03/2025 07:43:24,3032.8,7,3032.6,2
26/03/2025 07:43:30,3032.7,3,3032.6,2
26/03/2025 07:43:30,3032.9,8,3032.7,2
26/03/2025 07:43:30,3032.9,8,3032.7,2
26/03/2025 07:43:56,3032.9,8,3032.8,1
26/03/2025 07:43:59,3032.7,6,3032.6,2
26/03/2025 07:43:59,3032.8,4,3032.6,7
26/03/2025 07:44:04,3032.7,3,3032.6,2
26/03/2025 07:44:04,3032.8,4,3032.7,5
26/03/2025 07:44:05,3032.8,4,3032.7,5
26/03/2025 07:44:05,3032.9,9,3032.7,13
26/03/2025 07:44:05,3032.9,8,3032.7,14
26/03/2025 07:44:12,3032.9,5,3032.7,13
26/03/2025 07:44:15,3032.9,7,3032.7,8
26/03/2025 07:44:15,3032.9,7,3032.7,8
26/03/2025 07:44:15,3032.9,7,3032.7,8
26/03/2025 07:44:15,3032.9,7,3032.7,8
26/03/2025 07:44:25,3032.9,3,3032.8,3
26/03/2025 07:44:25,3032.9,8,3032.7,6
26/03/2025 07:44:25,3032.9,8,3032.7,6
26/03/2025 07:44:26,3032.9,8,3032.7,6
26/03/2025 07:44:28,3033.0,8,3032.8,5
26/03/2025 07:44:28,3033.0,8,3032.8,4
26/03/2025 07:44:32,3033.0,8,3032.8,4
26/03/2025 07:44:34,3032.8,2,3032.7,5
26/03/2025 07:44:42,3032.8,1,3032.7,5
26/03/2025 07:44:42,3032.7,5,3032.5,4
26/03/2025 07:44:50,3032.7,1,3032.6,2
26/03/2025 07:44:50,3032.7,1,3032.6,2
26/03/2025 07:44:50,3032.7,1,3032.6,2
26/03/2025 07:44:57,3032.7,5,3032.5,1
26/03/2025 07:44:57,3032.7,5,3032.5,1
26/03/2025 07:44:58,3032.6,2,3032.4,7
26/03/2025 07:45:00,3032.7,2,3032.6,1
26/03/2025 07:45:00,3032.9,12,3032.7,3
26/03/2025 07:45:05,3032.9,6,3032.7,9
26/03/2025 07:45:14,3032.9,6,3032.7,6
26/03/2025 07:45:15,3032.9,6,3032.7,6
26/03/2025 07:45:17,3032.9,6,3032.7,4
26/03/2025 07:45:17,3032.9,5,3032.7,4
26/03/2025 07:45:17,3032.7,1,3032.6,1
26/03/2025 07:45:22,3032.7,2,3032.5,5
26/03/2025 07:45:28,3032.7,6,3032.5,5
26/03/2025 07:45:28,3032.7,6,3032.5,5
26/03/2025 07:45:28,3032.7,6,3032.5,5
26/03/2025 07:45:28,3032.7,6,3032.5,5
26/03/2025 07:45:28,3032.7,6,3032.5,5
26/03/2025 07:45:34,3032.7,5,3032.5,5
26/03/2025 07:45:36,3032.7,2,3032.6,1
26/03/2025 07:45:40,3032.8,1,3032.7,2
26/03/2025 07:45:45,3032.9,5,3032.7,2
26/03/2025 07:45:45,3032.9,4,3032.7,2
26/03/2025 07:45:49,3032.9,5,3032.7,2
26/03/2025 07:45:49,3033.0,2,3032.9,5
26/03/2025 07:45:50,3033.0,2,3032.9,5
26/03/2025 07:45:50,3033.1,5,3032.9,5
26/03/2025 07:45:53,3033.0,2,3032.9,5
26/03/2025 07:45:53,3033.0,3,3032.8,4
26/03/2025 07:45:56,3033.0,4,3032.8,3
26/03/2025 07:45:56,3032.8,2,3032.7,1
26/03/2025 07:46:01,3032.9,7,3032.7,2
26/03/2025 07:46:01,3032.8,2,3032.6,5
26/03/2025 07:46:01,3032.9,6,3032.7,5
26/03/2025 07:46:05,3032.9,2,3032.7,6
26/03/2025 07:46:05,3033.0,2,3032.9,1
26/03/2025 07:46:06,3033.1,7,3032.9,1
26/03/2025 07:46:06,3033.1,7,3032.9,1
26/03/2025 07:46:06,3033.1,7,3032.9,1
26/03/2025 07:46:06,3033.1,7,3032.9,1
26/03/2025 07:46:06,3033.1,7,3032.9,1
26/03/2025 07:46:06,3033.1,7,3032.9,1
26/03/2025 07:46:07,3033.2,5,3033.0,2
26/03/2025 07:46:10,3033.2,5,3033.0,2
26/03/2025 07:46:10,3033.2,4,3033.0,5
26/03/2025 07:46:17,3033.2,4,3033.0,4
26/03/2025 07:46:17,3033.1,5,3032.9,2
26/03/2025 07:46:18,3033.1,5,3032.9,2
26/03/2025 07:46:18,3033.1,3,3032.9,4
26/03/2025 07:46:19,3033.1,3,3032.9,4
26/03/2025 07:46:19,3033.2,5,3033.0,1
26/03/2025 07:46:21,3033.1,2,3032.9,5
26/03/2025 07:46:23,3033.2,5,3033.0,3
26/03/2025 07:46:27,3033.2,3,3033.1,1
26/03/2025 07:46:27,3033.2,3,3033.1,1
26/03/2025 07:46:27,3033.2,3,3033.1,1
26/03/2025 07:46:29,3033.3,5,3033.2,1
26/03/2025 07:46:29,3033.3,9,3033.1,8
26/03/2025 07:46:30,3033.1,2,3033.0,1
26/03/2025 07:46:30,3033.1,2,3033.0,1
26/03/2025 07:46:31,3033.1,2,3033.0,1
26/03/2025 07:46:31,3033.1,2,3033.0,1
26/03/2025 07:46:31,3033.1,2,3033.0,1
26/03/2025 07:46:33,3033.2,5,3033.0,3
26/03/2025 07:46:33,3033.2,5,3033.0,3
26/03/2025 07:46:33,3033.2,5,3033.0,3
26/03/2025 07:46:33,3033.2,5,3033.0,3
26/03/2025 07:46:33,3033.2,5,3033.0,3
26/03/2025 07:46:33,3033.4,8,3033.2,4
26/03/2025 07:46:35,3033.4,7,3033.2,4
26/03/2025 07:46:35,3033.5,5,3033.3,2
26/03/2025 07:46:36,3033.5,5,3033.3,2
26/03/2025 07:46:38,3033.5,6,3033.3,8
26/03/2025 07:46:38,3033.5,6,3033.3,8
26/03/2025 07:46:38,3033.5,6,3033.3,8
26/03/2025 07:46:38,3033.5,6,3033.3,8
26/03/2025 07:46:38,3033.5,6,3033.3,8
26/03/2025 07:46:38,3033.5,6,3033.3,8
26/03/2025 07:46:38,3033.5,6,3033.3,8
26/03/2025 07:46:38,3033.5,6,3033.3,8
26/03/2025 07:46:38,3033.5,5,3033.3,9
26/03/2025 07:46:40,3033.5,2,3033.3,11
26/03/2025 07:46:40,3033.6,5,3033.4,6
26/03/2025 07:46:44,3033.6,4,3033.5,1
26/03/2025 07:46:44,3033.6,3,3033.5,4
26/03/2025 07:46:44,3033.6,3,3033.5,4
26/03/2025 07:46:44,3033.7,2,3033.5,5
26/03/2025 07:46:46,3033.7,2,3033.5,5
26/03/2025 07:46:46,3033.7,2,3033.5,5
26/03/2025 07:46:46,3033.7,2,3033.5,5
26/03/2025 07:46:46,3033.8,10,3033.6,5
26/03/2025 07:46:48,3033.8,9,3033.6,5
26/03/2025 07:46:50,3033.8,9,3033.6,5
26/03/2025 07:46:50,3033.8,7,3033.6,5
26/03/2025 07:46:51,3033.8,7,3033.6,5
26/03/2025 07:46:52,3033.7,5,3033.5,5
26/03/2025 07:46:52,3033.7,5,3033.5,5
26/03/2025 07:46:52,3033.7,5,3033.5,5
26/03/2025 07:46:53,3033.7,4,3033.5,6
26/03/2025 07:46:53,3033.6,1,3033.5,5
26/03/2025 07:46:53,3033.6,1,3033.5,5
26/03/2025 07:46:53,3033.7,3,3033.5,5
26/03/2025 07:46:54,3033.7,5,3033.5,5
26/03/2025 07:46:55,3033.7,5,3033.5,4
26/03/2025 07:46:55,3033.6,1,3033.5,3
26/03/2025 07:46:56,3033.6,1,3033.5,3
26/03/2025 07:46:56,3033.6,1,3033.5,3
26/03/2025 07:46:56,3033.6,1,3033.5,3
26/03/2025 07:46:56,3033.7,5,3033.5,3
26/03/2025 07:46:58,3033.7,5,3033.5,3
26/03/2025 07:46:58,3033.6,6,3033.4,1
26/03/2025 07:46:59,3033.5,1,3033.4,3
26/03/2025 07:46:59,3033.4,1,3033.3,9
26/03/2025 07:46:59,3033.4,1,3033.3,9
26/03/2025 07:46:59,3033.4,4,3033.3,1
26/03/2025 07:47:00,3033.3,3,3033.1,4
26/03/2025 07:47:00,3033.3,3,3033.1,4
26/03/2025 07:47:00,3033.2,5,3033.0,2
26/03/2025 07:47:01,3033.2,5,3033.0,2
26/03/2025 07:47:01,3033.2,6,3033.0,2
26/03/2025 07:47:01,3033.2,6,3033.0,2
26/03/2025 07:47:01,3033.0,3,3032.8,4
26/03/2025 07:47:01,3033.0,3,3032.8,4
26/03/2025 07:47:01,3033.0,3,3032.8,4
26/03/2025 07:47:01,3033.0,3,3032.8,4
26/03/2025 07:47:01,3033.0,3,3032.8,4
26/03/2025 07:47:01,3033.0,3,3032.8,4
26/03/2025 07:47:02,3033.0,3,3032.8,2
26/03/2025 07:47:04,3033.0,3,3032.8,3
26/03/2025 07:47:06,3033.0,3,3032.8,5
26/03/2025 07:47:06,3033.0,3,3032.8,5
26/03/2025 07:47:06,3033.1,1,3033.0,1
26/03/2025 07:47:09,3033.1,1,3033.0,2
26/03/2025 07:47:11,3033.1,2,3033.0,1
26/03/2025 07:47:11,3033.2,1,3033.1,4
26/03/2025 07:47:12,3033.2,1,3033.1,4
26/03/2025 07:47:15,3033.3,1,3033.2,1
26/03/2025 07:47:17,3033.3,2,3033.1,4
26/03/2025 07:47:30,3033.3,2,3033.2,1
26/03/2025 07:47:36,3033.3,1,3033.2,1
26/03/2025 07:47:41,3033.5,5,3033.3,1
26/03/2025 07:47:44,3033.5,2,3033.3,6
26/03/2025 07:47:50,3033.6,8,3033.4,1
26/03/2025 07:47:50,3033.6,8,3033.4,1
26/03/2025 07:47:54,3033.7,1,3033.5,5
26/03/2025 07:47:54,3033.7,1,3033.5,5
26/03/2025 07:47:54,3033.7,1,3033.5,5
26/03/2025 07:47:54,3033.7,1,3033.5,5
26/03/2025 07:47:54,3033.7,1,3033.5,5
26/03/2025 07:47:54,3033.8,1,3033.7,5
26/03/2025 07:47:54,3033.8,1,3033.7,5
26/03/2025 07:47:55,3033.8,1,3033.7,5
26/03/2025 07:47:56,3033.7,1,3033.6,1
26/03/2025 07:47:56,3033.7,1,3033.6,1
26/03/2025 07:47:56,3033.6,2,3033.5,1
26/03/2025 07:47:57,3033.6,2,3033.5,1
26/03/2025 07:48:00,3033.7,1,3033.5,6
26/03/2025 07:48:01,3033.8,2,3033.6,7
26/03/2025 07:48:01,3033.8,2,3033.6,7
26/03/2025 07:48:01,3033.8,2,3033.6,7
26/03/2025 07:48:01,3033.9,2,3033.7,4
26/03/2025 07:48:02,3034.0,5,3033.8,5
26/03/2025 07:48:03,3033.9,4,3033.7,3
26/03/2025 07:48:04,3033.8,2,3033.6,5
26/03/2025 07:48:13,3033.9,7,3033.6,11
26/03/2025 07:48:13,3033.9,7,3033.6,11
26/03/2025 07:48:14,3033.8,2,3033.6,8
26/03/2025 07:48:14,3033.8,2,3033.6,8
26/03/2025 07:48:14,3033.8,2,3033.6,8
26/03/2025 07:48:14,3033.8,2,3033.6,8
26/03/2025 07:48:14,3033.8,2,3033.6,8
26/03/2025 07:48:14,3033.8,2,3033.6,8
26/03/2025 07:48:14,3033.7,3,3033.6,1
26/03/2025 07:48:15,3033.7,3,3033.6,1
26/03/2025 07:48:31,3033.7,3,3033.6,4
26/03/2025 07:48:31,3033.7,3,3033.6,4
26/03/2025 07:48:31,3033.8,9,3033.6,5
26/03/2025 07:48:35,3033.8,10,3033.6,5
26/03/2025 07:48:35,3033.7,3,3033.6,1
26/03/2025 07:48:40,3033.7,3,3033.6,1
26/03/2025 07:48:42,3033.7,8,3033.5,9
26/03/2025 07:48:43,3033.7,9,3033.5,6
26/03/2025 07:48:45,3033.7,12,3033.5,6
26/03/2025 07:48:46,3033.6,4,3033.5,5
26/03/2025 07:48:47,3033.6,5,3033.4,6
26/03/2025 07:48:47,3033.7,6,3033.5,3
26/03/2025 07:48:53,3033.6,5,3033.4,4
26/03/2025 07:49:00,3033.6,3,3033.4,6
26/03/2025 07:49:02,3033.6,3,3033.4,5
26/03/2025 07:49:04,3033.6,2,3033.4,7
26/03/2025 07:49:05,3033.6,2,3033.4,7
26/03/2025 07:49:05,3033.7,5,3033.5,6
26/03/2025 07:49:07,3033.7,5,3033.5,6
26/03/2025 07:49:12,3033.7,5,3033.5,9
26/03/2025 07:49:12,3033.8,3,3033.6,4
26/03/2025 07:49:15,3033.8,4,3033.6,3
26/03/2025 07:49:16,3033.7,1,3033.6,1
26/03/2025 07:49:20,3033.6,1,3033.5,2
26/03/2025 07:49:21,3033.6,2,3033.5,2
26/03/2025 07:49:22,3033.7,1,3033.5,8
26/03/2025 07:49:24,3033.8,7,3033.6,6
26/03/2025 07:49:24,3033.7,4,3033.5,3
26/03/2025 07:49:36,3033.7,2,3033.5,7
26/03/2025 07:49:38,3033.8,8,3033.6,6
26/03/2025 07:49:38,3033.8,8,3033.6,6
26/03/2025 07:49:38,3033.8,8,3033.6,6
26/03/2025 07:49:38,3033.8,8,3033.6,6
26/03/2025 07:49:38,3033.8,8,3033.6,6
26/03/2025 07:49:38,3033.8,8,3033.6,6
26/03/2025 07:49:38,3034.0,2,3033.9,3
26/03/2025 07:49:41,3034.1,15,3033.9,1
26/03/2025 07:49:43,3034.0,3,3033.8,5
26/03/2025 07:49:43,3034.0,3,3033.8,5
26/03/2025 07:49:43,3034.0,3,3033.8,5
26/03/2025 07:49:43,3034.0,3,3033.8,5
26/03/2025 07:49:43,3033.9,3,3033.7,22
26/03/2025 07:49:44,3033.9,3,3033.7,22
26/03/2025 07:49:44,3034.0,3,3033.8,5
26/03/2025 07:49:48,3034.0,3,3033.8,4
26/03/2025 07:49:48,3033.8,2,3033.7,4
26/03/2025 07:49:51,3033.9,5,3033.7,6
26/03/2025 07:49:55,3033.8,1,3033.7,6
26/03/2025 07:50:02,3033.9,1,3033.8,1
26/03/2025 07:50:02,3033.9,4,3033.7,8
26/03/2025 07:50:05,3033.9,5,3033.7,8
26/03/2025 07:50:07,3033.7,2,3033.5,4
26/03/2025 07:50:13,3033.7,4,3033.5,2
26/03/2025 07:50:25,3033.6,2,3033.5,1
26/03/2025 07:50:25,3033.6,2,3033.5,1
26/03/2025 07:50:37,3033.6,2,3033.5,1
26/03/2025 07:50:37,3033.7,2,3033.5,5
26/03/2025 07:50:39,3033.7,2,3033.5,6
26/03/2025 07:50:39,3033.8,4,3033.6,5
26/03/2025 07:50:43,3033.9,5,3033.7,2
26/03/2025 07:50:48,3033.9,4,3033.7,2
26/03/2025 07:50:48,3033.9,5,3033.7,2
26/03/2025 07:50:55,3033.8,3,3033.6,6
26/03/2025 07:50:56,3033.8,2,3033.7,1
26/03/2025 07:50:56,3033.9,2,3033.7,3
26/03/2025 07:51:10,3034.0,1,3033.9,2
26/03/2025 07:51:10,3034.0,8,3033.8,1
26/03/2025 07:51:11,3034.0,8,3033.8,1
26/03/2025 07:51:16,3033.9,4,3033.7,7
26/03/2025 07:51:16,3034.1,13,3033.9,2
26/03/2025 07:51:29,3034.0,5,3033.8,3
26/03/2025 07:51:30,3034.0,6,3033.8,3
26/03/2025 07:51:34,3034.0,3,3033.8,3
26/03/2025 07:51:34,3034.0,3,3033.8,3
26/03/2025 07:51:34,3034.0,3,3033.8,3
26/03/2025 07:51:34,3034.0,3,3033.8,3
26/03/2025 07:51:34,3034.0,3,3033.8,3
26/03/2025 07:51:34,3034.0,3,3033.8,3
26/03/2025 07:51:34,3034.0,3,3033.8,3
26/03/2025 07:51:34,3034.0,3,3033.8,3
26/03/2025 07:51:34,3034.0,3,3033.8,3
26/03/2025 07:51:35,3034.2,6,3033.9,10
26/03/2025 07:51:35,3034.2,2,3034.0,5
26/03/2025 07:51:36,3034.2,2,3034.0,6
26/03/2025 07:51:37,3034.2,1,3034.1,3
26/03/2025 07:51:38,3034.3,3,3034.1,7
26/03/2025 07:51:39,3034.3,3,3034.1,6
26/03/2025 07:51:39,3034.2,6,3034.0,4
26/03/2025 07:51:42,3034.2,4,3034.1,2
26/03/2025 07:51:44,3034.2,3,3034.1,1
26/03/2025 07:51:47,3034.2,1,3034.1,2
26/03/2025 07:51:50,3034.3,4,3034.1,4
26/03/2025 07:51:50,3034.3,4,3034.1,4
26/03/2025 07:51:50,3034.5,4,3034.3,1
26/03/2025 07:51:50,3034.5,4,3034.3,1
26/03/2025 07:51:52,3034.5,4,3034.3,1
26/03/2025 07:51:52,3034.4,1,3034.3,1
26/03/2025 07:51:53,3034.4,1,3034.3,1
26/03/2025 07:51:53,3034.4,5,3034.2,5
26/03/2025 07:52:03,3034.4,3,3034.3,1
26/03/2025 07:52:03,3034.4,3,3034.3,1
26/03/2025 07:52:03,3034.3,17,3034.1,3
26/03/2025 07:52:08,3034.2,2,3034.1,3
26/03/2025 07:52:08,3034.3,13,3034.1,5
26/03/2025 07:52:13,3034.3,14,3034.1,5
26/03/2025 07:52:18,3034.3,13,3034.1,5
26/03/2025 07:52:27,3034.3,13,3034.1,6
26/03/2025 07:52:27,3034.3,13,3034.1,5
26/03/2025 07:52:30,3034.1,1,3034.0,3
26/03/2025 07:52:30,3034.1,1,3034.0,3
26/03/2025 07:52:30,3034.1,1,3034.0,3
26/03/2025 07:52:30,3034.1,1,3034.0,3
26/03/2025 07:52:30,3034.1,1,3034.0,3
26/03/2025 07:52:30,3034.1,1,3034.0,3
26/03/2025 07:52:32,3033.9,5,3033.7,3
26/03/2025 07:52:37,3033.8,2,3033.6,8
26/03/2025 07:52:37,3033.8,2,3033.6,8
26/03/2025 07:52:37,3033.8,2,3033.6,8
26/03/2025 07:52:37,3033.8,2,3033.6,8
26/03/2025 07:52:37,3033.8,2,3033.6,8
26/03/2025 07:52:37,3033.8,2,3033.6,8
26/03/2025 07:52:37,3034.0,5,3033.8,3
26/03/2025 07:52:39,3034.0,7,3033.8,1
26/03/2025 07:52:44,3033.9,3,3033.7,6
26/03/2025 07:52:44,3034.1,1,3033.9,6
26/03/2025 07:52:44,3034.1,3,3033.9,5
26/03/2025 07:52:48,3034.1,2,3034.0,1
26/03/2025 07:52:48,3034.1,2,3033.9,5
26/03/2025 07:52:51,3034.1,2,3033.9,5
26/03/2025 07:52:58,3034.1,3,3033.9,4
26/03/2025 07:52:58,3033.9,2,3033.7,5
26/03/2025 07:52:58,3033.9,2,3033.7,5
26/03/2025 07:52:58,3033.9,2,3033.7,5
26/03/2025 07:52:58,3033.9,2,3033.7,5
26/03/2025 07:52:58,3033.9,2,3033.7,5
26/03/2025 07:52:58,3033.9,2,3033.7,5
26/03/2025 07:52:58,3033.9,2,3033.7,5
26/03/2025 07:52:59,3033.7,3,3033.5,3
26/03/2025 07:52:59,3033.7,3,3033.5,3
26/03/2025 07:52:59,3033.7,2,3033.5,2
26/03/2025 07:52:59,3033.7,2,3033.5,2
26/03/2025 07:53:00,3033.7,3,3033.5,2
26/03/2025 07:53:00,3033.6,1,3033.5,1
26/03/2025 07:53:00,3033.6,1,3033.5,1
26/03/2025 07:53:01,3033.7,1,3033.5,5
26/03/2025 07:53:01,3033.7,1,3033.5,5
26/03/2025 07:53:01,3033.8,1,3033.6,5
26/03/2025 07:53:02,3033.8,1,3033.6,5
26/03/2025 07:53:02,3033.9,3,3033.7,4
26/03/2025 07:53:03,3033.9,3,3033.7,3
26/03/2025 07:53:14,3034.1,11,3033.9,1
26/03/2025 07:53:14,3034.1,11,3033.9,1
26/03/2025 07:53:14,3034.1,11,3033.9,1
26/03/2025 07:53:16,3034.0,1,3033.9,2
26/03/2025 07:53:21,3034.1,5,3034.0,1
26/03/2025 07:53:21,3034.1,5,3034.0,1
26/03/2025 07:53:21,3034.1,5,3034.0,1
26/03/2025 07:53:21,3034.1,5,3034.0,1
26/03/2025 07:53:21,3034.1,5,3034.0,1
26/03/2025 07:53:21,3034.1,5,3034.0,1
26/03/2025 07:53:21,3034.1,5,3034.0,1
26/03/2025 07:53:21,3034.1,5,3034.0,1
26/03/2025 07:53:21,3034.1,5,3034.0,1
26/03/2025 07:53:21,3034.1,5,3034.0,1
26/03/2025 07:53:21,3033.6,7,3033.4,1
26/03/2025 07:53:39,3033.6,6,3033.4,7
26/03/2025 07:53:39,3033.7,2,3033.5,7
26/03/2025 07:53:40,3033.7,2,3033.5,7
26/03/2025 07:53:48,3033.7,5,3033.5,2
26/03/2025 07:53:48,3033.6,7,3033.4,4
26/03/2025 07:53:51,3033.6,5,3033.4,4
26/03/2025 07:53:55,3033.6,7,3033.4,2
26/03/2025 07:53:55,3033.6,7,3033.4,2
26/03/2025 07:53:55,3033.6,7,3033.4,2
26/03/2025 07:53:55,3033.6,7,3033.4,2
26/03/2025 07:53:55,3033.6,7,3033.4,2
26/03/2025 07:53:55,3033.6,7,3033.4,2
26/03/2025 07:53:58,3033.2,2,3033.1,1
26/03/2025 07:54:02,3033.1,1,3033.0,1
26/03/2025 07:54:04,3033.1,1,3033.0,1
26/03/2025 07:54:05,3033.1,1,3032.9,4
26/03/2025 07:54:07,3033.2,4,3033.1,1
26/03/2025 07:54:09,3033.2,7,3033.0,5
26/03/2025 07:54:09,3033.1,3,3032.9,3
26/03/2025 07:54:10,3033.1,3,3032.9,3
26/03/2025 07:54:12,3033.2,5,3033.0,3
26/03/2025 07:54:12,3033.2,5,3033.0,3
26/03/2025 07:54:12,3033.2,5,3033.0,3
26/03/2025 07:54:15,3033.1,1,3033.0,1
26/03/2025 07:54:15,3033.2,6,3033.0,4
26/03/2025 07:54:15,3033.2,6,3033.0,4
26/03/2025 07:54:22,3033.2,4,3033.0,4
26/03/2025 07:54:22,3033.2,2,3033.1,2
26/03/2025 07:54:24,3033.2,2,3033.1,2
26/03/2025 07:54:24,3033.3,7,3033.1,7
26/03/2025 07:54:25,3033.3,6,3033.1,7
26/03/2025 07:54:25,3033.2,2,3033.1,2
26/03/2025 07:54:29,3033.2,2,3033.1,2
26/03/2025 07:54:29,3033.3,5,3033.1,6
26/03/2025 07:54:29,3033.3,3,3033.1,9
26/03/2025 07:54:36,3033.3,6,3033.1,5
26/03/2025 07:54:36,3033.3,6,3033.1,5
26/03/2025 07:54:39,3033.3,6,3033.1,4
26/03/2025 07:54:43,3033.3,8,3033.1,3
26/03/2025 07:54:48,3033.2,3,3033.0,16
26/03/2025 07:54:48,3033.2,3,3033.0,16
26/03/2025 07:54:48,3033.2,3,3033.0,16
26/03/2025 07:54:48,3033.2,3,3033.0,16
26/03/2025 07:54:48,3033.2,3,3033.0,16
26/03/2025 07:54:48,3033.2,3,3033.0,16
26/03/2025 07:54:48,3033.2,3,3033.0,16
26/03/2025 07:54:48,3033.5,1,3033.4,2
26/03/2025 07:54:51,3033.6,4,3033.4,3
26/03/2025 07:54:52,3033.6,2,3033.5,3
26/03/2025 07:54:53,3033.6,2,3033.5,2
26/03/2025 07:54:53,3033.6,3,3033.4,3
26/03/2025 07:55:04,3033.6,3,3033.4,3
26/03/2025 07:55:04,3033.6,1,3033.5,2
26/03/2025 07:55:04,3033.6,1,3033.5,2
26/03/2025 07:55:04,3033.6,1,3033.5,2
26/03/2025 07:55:04,3033.6,1,3033.5,2
26/03/2025 07:55:04,3033.6,1,3033.5,2
26/03/2025 07:55:04,3033.6,1,3033.5,2
26/03/2025 07:55:04,3033.6,1,3033.5,2
26/03/2025 07:55:04,3033.6,1,3033.5,2
26/03/2025 07:55:04,3033.6,1,3033.5,2
26/03/2025 07:55:04,3033.6,1,3033.5,2
26/03/2025 07:55:04,3033.2,2,3033.0,11
26/03/2025 07:55:04,3033.2,2,3033.0,11
26/03/2025 07:55:04,3033.2,2,3033.0,11
26/03/2025 07:55:04,3033.2,1,3033.0,12
26/03/2025 07:55:04,3033.2,1,3033.1,1
26/03/2025 07:55:05,3033.2,1,3033.1,1
26/03/2025 07:55:16,3033.2,3,3033.1,1
26/03/2025 07:55:16,3033.2,3,3033.0,12
26/03/2025 07:55:16,3033.2,3,3033.0,12
26/03/2025 07:55:16,3033.2,3,3033.0,12
26/03/2025 07:55:16,3033.2,3,3033.0,12
26/03/2025 07:55:18,3033.4,4,3033.2,5
26/03/2025 07:55:18,3033.4,4,3033.2,5
26/03/2025 07:55:22,3033.4,1,3033.3,2
26/03/2025 07:55:22,3033.4,3,3033.2,8
26/03/2025 07:55:31,3033.4,2,3033.3,2
26/03/2025 07:55:31,3033.4,2,3033.3,2
26/03/2025 07:55:31,3033.4,2,3033.3,2
26/03/2025 07:55:35,3033.3,4,3033.2,5
26/03/2025 07:55:35,3033.3,4,3033.2,5
26/03/2025 07:55:35,3033.3,4,3033.2,5
26/03/2025 07:55:35,3033.3,4,3033.2,5
26/03/2025 07:55:35,3033.3,4,3033.2,5
26/03/2025 07:55:35,3033.3,4,3033.2,5
26/03/2025 07:55:35,3033.3,4,3033.2,5
26/03/2025 07:55:35,3033.3,4,3033.2,5
26/03/2025 07:55:35,3033.9,4,3033.7,9
26/03/2025 07:55:37,3033.8,1,3033.7,5
26/03/2025 07:55:39,3033.9,4,3033.8,1
26/03/2025 07:55:39,3033.9,4,3033.8,1
26/03/2025 07:55:39,3033.9,4,3033.8,1
26/03/2025 07:55:39,3033.9,4,3033.8,1
26/03/2025 07:55:40,3033.6,8,3033.4,4
26/03/2025 07:55:44,3033.6,5,3033.4,5
26/03/2025 07:55:48,3033.7,3,3033.5,3
26/03/2025 07:55:48,3033.8,6,3033.6,3
26/03/2025 07:55:49,3033.8,2,3033.6,4
26/03/2025 07:55:49,3033.8,2,3033.6,4
26/03/2025 07:55:49,3033.8,2,3033.6,4
26/03/2025 07:55:49,3033.8,2,3033.6,4
26/03/2025 07:55:49,3033.8,2,3033.6,4
26/03/2025 07:55:49,3033.8,2,3033.6,4
26/03/2025 07:55:49,3033.8,2,3033.6,4
26/03/2025 07:55:49,3033.8,2,3033.6,4
26/03/2025 07:55:49,3033.8,2,3033.6,4
26/03/2025 07:55:49,3033.8,2,3033.6,4
26/03/2025 07:55:49,3033.8,2,3033.6,4
26/03/2025 07:55:49,3033.4,23,3033.2,1
26/03/2025 07:55:53,3033.4,22,3033.3,2
26/03/2025 07:55:53,3033.6,9,3033.3,5
26/03/2025 07:55:56,3033.6,4,3033.4,2
26/03/2025 07:55:56,3033.6,4,3033.4,2
26/03/2025 07:56:05,3033.8,8,3033.6,2
26/03/2025 07:56:05,3033.8,4,3033.6,3
26/03/2025 07:56:06,3033.8,2,3033.7,1
26/03/2025 07:56:10,3033.8,1,3033.7,2
26/03/2025 07:56:10,3033.9,3,3033.7,2
26/03/2025 07:56:13,3033.9,4,3033.7,2
26/03/2025 07:56:18,3033.9,3,3033.7,2
26/03/2025 07:56:18,3034.0,7,3033.8,2
26/03/2025 07:56:23,3034.0,5,3033.8,3
26/03/2025 07:56:29,3034.0,3,3033.8,3
26/03/2025 07:56:29,3034.1,9,3033.9,2
26/03/2025 07:56:30,3034.1,9,3033.9,2
26/03/2025 07:56:30,3034.1,9,3033.9,2
26/03/2025 07:56:30,3034.3,4,3034.1,3
26/03/2025 07:56:31,3034.4,8,3034.2,1
26/03/2025 07:56:32,3034.4,9,3034.2,1
26/03/2025 07:56:33,3034.4,4,3034.2,4
26/03/2025 07:56:33,3034.4,4,3034.2,4
26/03/2025 07:56:33,3034.4,4,3034.2,4
26/03/2025 07:56:33,3034.5,1,3034.4,3
26/03/2025 07:56:37,3034.5,1,3034.4,3
26/03/2025 07:56:37,3034.5,8,3034.3,1
26/03/2025 07:56:38,3034.5,4,3034.3,3
26/03/2025 07:56:38,3034.5,3,3034.3,3
26/03/2025 07:56:40,3034.5,3,3034.3,3
26/03/2025 07:56:40,3034.5,6,3034.3,3
26/03/2025 07:56:45,3034.5,5,3034.3,2
26/03/2025 07:56:50,3034.5,6,3034.3,1
26/03/2025 07:56:52,3034.3,7,3034.1,1
26/03/2025 07:57:06,3034.2,2,3034.0,3
26/03/2025 07:57:06,3034.2,4,3034.0,3
26/03/2025 07:57:10,3034.3,3,3034.2,5
26/03/2025 07:57:10,3034.3,5,3034.1,1
26/03/2025 07:57:16,3034.4,2,3034.2,3
26/03/2025 07:57:17,3034.4,6,3034.2,2
26/03/2025 07:57:34,3034.5,1,3034.4,2
26/03/2025 07:57:34,3034.5,2,3034.3,2
26/03/2025 07:57:40,3034.4,2,3034.2,2
26/03/2025 07:57:41,3034.5,3,3034.3,2
26/03/2025 07:57:41,3034.4,4,3034.2,2
26/03/2025 07:57:44,3034.4,1,3034.3,5
26/03/2025 07:57:44,3034.4,5,3034.2,1
26/03/2025 07:57:45,3034.4,7,3034.1,4
26/03/2025 07:57:45,3034.5,3,3034.3,3
26/03/2025 07:57:49,3034.4,2,3034.2,4
26/03/2025 07:57:50,3034.5,3,3034.3,3
26/03/2025 07:57:55,3034.6,2,3034.4,3
26/03/2025 07:58:02,3034.6,1,3034.5,3
26/03/2025 07:58:02,3034.6,3,3034.4,2
26/03/2025 07:58:06,3034.5,2,3034.4,1
26/03/2025 07:58:10,3034.5,5,3034.3,2
26/03/2025 07:58:13,3034.5,4,3034.4,1
26/03/2025 07:58:13,3034.5,4,3034.4,1
26/03/2025 07:58:18,3034.5,3,3034.3,2
26/03/2025 07:58:18,3034.6,1,3034.5,2
26/03/2025 07:58:26,3034.6,1,3034.5,2
26/03/2025 07:58:26,3034.6,2,3034.4,2
26/03/2025 07:58:30,3034.6,2,3034.5,1
26/03/2025 07:58:30,3034.7,3,3034.5,2
26/03/2025 07:58:30,3034.6,4,3034.4,2
26/03/2025 07:58:43,3034.6,5,3034.4,1
26/03/2025 07:58:43,3034.6,5,3034.4,1
26/03/2025 07:58:43,3034.6,5,3034.4,1
26/03/2025 07:58:43,3034.7,3,3034.5,2
26/03/2025 07:58:45,3034.7,4,3034.5,1
26/03/2025 07:58:47,3034.7,3,3034.5,3
26/03/2025 07:58:47,3034.8,4,3034.6,3
26/03/2025 07:58:48,3034.8,1,3034.7,2
26/03/2025 07:58:48,3034.8,1,3034.7,2
26/03/2025 07:58:48,3034.8,1,3034.7,2
26/03/2025 07:58:48,3034.6,2,3034.4,3
26/03/2025 07:58:48,3034.6,1,3034.4,3
26/03/2025 07:58:58,3034.6,1,3034.4,3
26/03/2025 07:59:00,3034.5,3,3034.3,2
26/03/2025 07:59:00,3034.5,4,3034.3,3
26/03/2025 07:59:05,3034.5,5,3034.3,2
26/03/2025 07:59:05,3034.5,5,3034.3,2
26/03/2025 07:59:14,3034.4,1,3034.3,2
26/03/2025 07:59:19,3034.5,4,3034.4,1
26/03/2025 07:59:20,3034.5,4,3034.3,4
26/03/2025 07:59:20,3034.5,4,3034.3,3
26/03/2025 07:59:21,3034.5,4,3034.4,1
26/03/2025 07:59:22,3034.5,4,3034.3,2
26/03/2025 07:59:22,3034.5,4,3034.3,2
26/03/2025 07:59:22,3034.5,4,3034.3,2
26/03/2025 07:59:22,3034.5,5,3034.3,2
26/03/2025 07:59:27,3034.5,5,3034.3,5
26/03/2025 07:59:27,3034.5,5,3034.3,5
26/03/2025 07:59:27,3034.6,1,3034.5,1
26/03/2025 07:59:30,3034.6,1,3034.5,1
26/03/2025 07:59:30,3034.6,1,3034.5,1
26/03/2025 07:59:30,3034.6,4,3034.4,3
26/03/2025 07:59:31,3034.6,4,3034.4,1
26/03/2025 07:59:32,3034.4,3,3034.2,5
26/03/2025 07:59:32,3034.4,3,3034.2,5
26/03/2025 07:59:33,3034.3,3,3034.1,5
26/03/2025 07:59:35,3034.3,1,3034.1,4
26/03/2025 07:59:37,3034.3,4,3034.1,5
26/03/2025 07:59:42,3034.4,6,3034.2,1
26/03/2025 07:59:45,3034.3,1,3034.1,4
26/03/2025 07:59:46,3034.4,2,3034.2,3
26/03/2025 07:59:48,3034.3,2,3034.1,4
26/03/2025 07:59:49,3034.3,2,3034.1,2
26/03/2025 08:00:00,3034.4,2,3034.2,3
26/03/2025 08:00:00,3034.6,4,3034.3,6
26/03/2025 08:00:00,3034.6,4,3034.3,6
26/03/2025 08:00:00,3034.5,3,3034.3,2
26/03/2025 08:00:00,3034.5,3,3034.3,2
26/03/2025 08:00:00,3034.5,3,3034.3,2
26/03/2025 08:00:01,3034.4,2,3034.2,5
26/03/2025 08:00:01,3034.4,3,3034.2,1
26/03/2025 08:00:03,3034.4,3,3034.2,1
26/03/2025 08:00:03,3034.5,1,3034.4,1
26/03/2025 08:00:05,3034.5,1,3034.3,6
26/03/2025 08:00:08,3034.5,5,3034.3,3
26/03/2025 08:00:09,3034.5,2,3034.3,2
26/03/2025 08:00:09,3034.5,2,3034.3,2
26/03/2025 08:00:12,3034.7,5,3034.5,1
26/03/2025 08:00:13,3034.6,3,3034.4,2
26/03/2025 08:00:13,3034.6,3,3034.4,2
26/03/2025 08:00:13,3034.6,3,3034.4,2
26/03/2025 08:00:13,3034.6,3,3034.4,2
26/03/2025 08:00:13,3034.6,3,3034.4,2
26/03/2025 08:00:13,3034.6,3,3034.4,2
26/03/2025 08:00:13,3034.8,5,3034.6,1
26/03/2025 08:00:13,3034.8,5,3034.6,1
26/03/2025 08:00:14,3034.8,4,3034.6,1
26/03/2025 08:00:14,3034.8,6,3034.6,1
26/03/2025 08:00:14,3034.8,6,3034.6,1
26/03/2025 08:00:15,3034.8,4,3034.6,2
26/03/2025 08:00:16,3034.6,2,3034.4,6
26/03/2025 08:00:16,3034.7,2,3034.5,4
26/03/2025 08:00:16,3034.8,8,3034.5,4
26/03/2025 08:00:19,3034.8,7,3034.5,4
26/03/2025 08:00:22,3034.8,2,3034.6,2
26/03/2025 08:00:22,3034.8,2,3034.6,2
26/03/2025 08:00:22,3034.8,2,3034.6,2
26/03/2025 08:00:23,3034.8,5,3034.6,2
26/03/2025 08:00:23,3034.6,4,3034.4,3
26/03/2025 08:00:23,3034.6,4,3034.4,1
26/03/2025 08:00:30,3034.6,7,3034.4,1
26/03/2025 08:00:30,3034.6,2,3034.4,6
26/03/2025 08:00:42,3034.6,2,3034.5,1
26/03/2025 08:00:42,3034.7,4,3034.5,2
26/03/2025 08:00:43,3034.7,4,3034.5,2
26/03/2025 08:00:43,3034.7,4,3034.5,2
26/03/2025 08:00:43,3034.7,4,3034.5,2
26/03/2025 08:00:44,3034.9,7,3034.7,1
26/03/2025 08:00:56,3034.8,3,3034.6,2
26/03/2025 08:01:02,3034.7,1,3034.5,6
26/03/2025 08:01:02,3034.7,2,3034.5,4
26/03/2025 08:01:03,3034.7,1,3034.6,1
26/03/2025 08:01:03,3034.7,1,3034.5,7
26/03/2025 08:01:06,3034.7,2,3034.5,8
26/03/2025 08:01:06,3034.7,2,3034.5,8
26/03/2025 08:01:06,3034.7,2,3034.5,8
26/03/2025 08:01:06,3034.7,2,3034.5,8
26/03/2025 08:01:06,3034.7,2,3034.5,8
26/03/2025 08:01:06,3034.7,2,3034.5,8
26/03/2025 08:01:06,3034.7,2,3034.5,8
26/03/2025 08:01:06,3034.8,1,3034.6,6
26/03/2025 08:01:07,3034.8,2,3034.6,4
26/03/2025 08:01:07,3034.8,2,3034.6,4
26/03/2025 08:01:07,3034.8,2,3034.6,4
26/03/2025 08:01:07,3034.7,8,3034.4,4
26/03/2025 08:01:08,3034.7,6,3034.5,1
26/03/2025 08:01:14,3034.7,1,3034.6,1
26/03/2025 08:01:14,3034.7,1,3034.6,1
26/03/2025 08:01:28,3034.7,3,3034.5,2
26/03/2025 08:01:30,3034.7,3,3034.5,2
26/03/2025 08:01:30,3034.7,3,3034.5,2
26/03/2025 08:01:30,3034.7,3,3034.5,2
26/03/2025 08:01:30,3034.7,3,3034.5,2
26/03/2025 08:01:30,3034.8,5,3034.6,1
26/03/2025 08:01:35,3034.8,3,3034.6,1
26/03/2025 08:01:35,3034.8,3,3034.6,1
26/03/2025 08:01:35,3034.8,3,3034.6,1
26/03/2025 08:01:35,3034.9,3,3034.7,1
26/03/2025 08:01:38,3034.9,1,3034.8,1
26/03/2025 08:01:38,3034.9,1,3034.8,1
26/03/2025 08:01:38,3034.9,1,3034.8,1
26/03/2025 08:01:38,3034.9,1,3034.8,1
26/03/2025 08:01:38,3034.9,1,3034.8,1
26/03/2025 08:01:38,3034.9,1,3034.8,1
26/03/2025 08:01:38,3034.9,1,3034.8,1
26/03/2025 08:01:38,3034.9,1,3034.8,1
26/03/2025 08:01:38,3035.2,2,3035.0,3
26/03/2025 08:01:38,3035.2,2,3035.0,3
26/03/2025 08:01:38,3035.2,2,3035.0,3
26/03/2025 08:01:38,3035.2,4,3035.0,2
26/03/2025 08:01:38,3035.2,4,3035.0,2
26/03/2025 08:01:38,3035.1,4,3034.9,4
26/03/2025 08:01:38,3035.1,4,3034.9,4
26/03/2025 08:01:39,3035.1,4,3034.9,3
26/03/2025 08:01:39,3035.1,4,3034.9,1
26/03/2025 08:01:39,3035.1,4,3034.9,1
26/03/2025 08:01:39,3035.1,4,3034.9,1
26/03/2025 08:01:39,3035.1,4,3034.9,1
26/03/2025 08:01:39,3035.1,3,3034.9,2
26/03/2025 08:01:40,3035.1,3,3034.9,2
26/03/2025 08:01:43,3035.0,1,3034.9,1
26/03/2025 08:01:43,3035.0,1,3034.9,1
26/03/2025 08:01:47,3035.1,6,3034.8,9
26/03/2025 08:01:47,3035.2,3,3035.0,2
26/03/2025 08:01:49,3035.2,6,3034.9,7
26/03/2025 08:01:50,3035.1,3,3034.9,3
26/03/2025 08:01:50,3035.1,3,3034.9,3
26/03/2025 08:01:50,3035.1,3,3034.9,3
26/03/2025 08:01:50,3035.2,7,3035.0,1
26/03/2025 08:01:52,3035.2,7,3035.0,1
26/03/2025 08:01:58,3035.1,2,3034.9,3
26/03/2025 08:02:00,3035.0,2,3034.9,1
26/03/2025 08:02:10,3035.0,3,3034.8,5
26/03/2025 08:02:10,3035.0,3,3034.8,5
26/03/2025 08:02:10,3035.0,3,3034.8,5
26/03/2025 08:02:10,3035.2,2,3035.0,3
26/03/2025 08:02:13,3035.1,1,3035.0,1
26/03/2025 08:02:15,3035.1,2,3034.9,6
26/03/2025 08:02:15,3035.1,2,3034.9,6
26/03/2025 08:02:19,3035.2,6,3035.0,1
26/03/2025 08:02:19,3035.3,9,3035.1,1
26/03/2025 08:02:25,3035.3,1,3035.2,3
26/03/2025 08:02:25,3035.4,8,3035.2,3
26/03/2025 08:02:25,3035.5,1,3035.4,2
26/03/2025 08:02:26,3035.5,1,3035.4,2
26/03/2025 08:02:26,3035.7,7,3035.5,1
26/03/2025 08:02:26,3035.7,7,3035.5,2
26/03/2025 08:02:26,3035.7,7,3035.5,2
26/03/2025 08:02:26,3035.7,4,3035.5,1
26/03/2025 08:02:29,3035.7,3,3035.5,3
26/03/2025 08:02:29,3035.7,7,3035.5,1
26/03/2025 08:02:30,3035.7,7,3035.5,1
26/03/2025 08:02:30,3035.7,7,3035.5,1
26/03/2025 08:02:30,3035.7,7,3035.5,1
26/03/2025 08:02:30,3035.8,13,3035.6,1
26/03/2025 08:02:31,3035.8,13,3035.6,1
26/03/2025 08:02:33,3035.7,6,3035.5,1
26/03/2025 08:02:33,3035.5,2,3035.3,3
26/03/2025 08:02:33,3035.5,2,3035.3,3
26/03/2025 08:02:33,3035.5,2,3035.3,3
26/03/2025 08:02:35,3035.5,4,3035.3,1
26/03/2025 08:02:38,3035.6,7,3035.4,1
26/03/2025 08:02:40,3035.5,3,3035.3,3
26/03/2025 08:02:40,3035.7,7,3035.5,2
26/03/2025 08:02:42,3035.7,8,3035.5,1
26/03/2025 08:02:42,3035.7,8,3035.5,1
26/03/2025 08:02:42,3035.8,9,3035.6,3
26/03/2025 08:02:43,3035.8,8,3035.6,4
26/03/2025 08:02:43,3035.8,8,3035.6,4
26/03/2025 08:02:43,3035.8,8,3035.6,4
26/03/2025 08:02:43,3035.8,8,3035.6,4
26/03/2025 08:02:43,3035.8,8,3035.6,4
26/03/2025 08:02:43,3035.8,5,3035.6,4
26/03/2025 08:02:45,3035.8,5,3035.6,4
26/03/2025 08:02:45,3036.0,2,3035.8,7
26/03/2025 08:02:52,3035.9,2,3035.8,4
26/03/2025 08:02:52,3035.9,2,3035.7,3
26/03/2025 08:02:58,3035.9,4,3035.6,6
26/03/2025 08:02:59,3035.8,1,3035.7,1
26/03/2025 08:02:59,3035.8,1,3035.7,1
26/03/2025 08:03:03,3035.7,2,3035.6,1
26/03/2025 08:03:04,3035.6,2,3035.4,10
26/03/2025 08:03:04,3035.6,2,3035.4,10
26/03/2025 08:03:04,3035.6,2,3035.4,10
26/03/2025 08:03:04,3035.6,2,3035.4,10
26/03/2025 08:03:04,3035.6,2,3035.4,10
26/03/2025 08:03:04,3035.9,3,3035.7,5
26/03/2025 08:03:11,3035.8,2,3035.7,4
26/03/2025 08:03:11,3035.9,2,3035.7,7
26/03/2025 08:03:13,3035.9,1,3035.7,7
26/03/2025 08:03:13,3035.9,1,3035.7,7
26/03/2025 08:03:13,3035.9,1,3035.7,7
26/03/2025 08:03:13,3035.9,1,3035.7,7
26/03/2025 08:03:13,3036.0,5,3035.8,1
26/03/2025 08:03:13,3036.1,10,3035.8,7
26/03/2025 08:03:13,3036.1,10,3035.8,7
26/03/2025 08:03:13,3036.1,10,3035.8,7
26/03/2025 08:03:13,3036.1,10,3035.8,7
26/03/2025 08:03:14,3036.1,7,3035.9,2
26/03/2025 08:03:16,3036.0,1,3035.9,4
26/03/2025 08:03:16,3036.0,2,3035.8,3
26/03/2025 08:03:16,3036.0,2,3035.8,3
26/03/2025 08:03:19,3036.1,6,3035.9,2
26/03/2025 08:03:20,3036.0,5,3035.8,2
26/03/2025 08:03:20,3036.0,5,3035.8,2
26/03/2025 08:03:20,3036.0,5,3035.8,2
26/03/2025 08:03:20,3036.0,5,3035.8,2
26/03/2025 08:03:20,3035.7,1,3035.5,6
26/03/2025 08:03:20,3035.8,3,3035.6,2
26/03/2025 08:03:26,3036.0,6,3035.8,2
26/03/2025 08:03:26,3036.0,6,3035.8,2
26/03/2025 08:03:30,3036.0,8,3035.8,3
26/03/2025 08:03:31,3036.0,9,3035.8,2
26/03/2025 08:03:32,3035.9,3,3035.7,16
26/03/2025 08:03:32,3036.0,8,3035.8,3
26/03/2025 08:03:33,3036.0,8,3035.8,3
26/03/2025 08:03:35,3036.0,7,3035.9,2
26/03/2025 08:03:35,3036.0,7,3035.9,2
26/03/2025 08:03:35,3036.1,8,3035.9,4
26/03/2025 08:03:36,3036.1,7,3035.9,4
26/03/2025 08:03:36,3036.0,3,3035.8,21
26/03/2025 08:03:40,3036.0,1,3035.9,1
26/03/2025 08:03:53,3036.0,4,3035.8,18
26/03/2025 08:03:53,3036.0,4,3035.8,18
26/03/2025 08:03:53,3036.0,4,3035.8,18
26/03/2025 08:03:54,3035.7,2,3035.6,1
26/03/2025 08:03:54,3035.8,6,3035.6,5
26/03/2025 08:03:57,3035.8,6,3035.6,5
26/03/2025 08:03:57,3035.8,6,3035.6,5
26/03/2025 08:03:57,3035.8,6,3035.6,5
26/03/2025 08:03:57,3035.8,6,3035.6,5
26/03/2025 08:03:57,3035.8,6,3035.6,3
26/03/2025 08:04:02,3035.7,1,3035.6,1
26/03/2025 08:04:04,3035.7,3,3035.5,14
26/03/2025 08:04:07,3035.8,5,3035.6,2
26/03/2025 08:04:07,3035.9,1,3035.7,7
26/03/2025 08:04:09,3035.9,2,3035.7,5
26/03/2025 08:04:09,3035.9,6,3035.7,1
26/03/2025 08:04:15,3035.7,2,3035.6,7
26/03/2025 08:04:15,3035.7,2,3035.6,7
26/03/2025 08:04:15,3035.9,4,3035.7,3
26/03/2025 08:04:17,3035.9,2,3035.7,4
26/03/2025 08:04:18,3036.1,7,3035.9,2
26/03/2025 08:04:19,3036.0,1,3035.9,1
26/03/2025 08:04:22,3036.0,4,3035.8,9
26/03/2025 08:04:23,3035.9,1,3035.8,5
26/03/2025 08:04:24,3035.9,2,3035.8,4
26/03/2025 08:04:24,3035.9,4,3035.7,16
26/03/2025 08:04:26,3035.9,4,3035.7,16
26/03/2025 08:04:26,3035.7,1,3035.6,3
26/03/2025 08:04:27,3035.7,1,3035.6,3
26/03/2025 08:04:27,3035.7,2,3035.6,2
26/03/2025 08:04:28,3035.8,3,3035.6,3
26/03/2025 08:04:28,3035.7,4,3035.5,5
26/03/2025 08:04:33,3035.7,4,3035.5,5
26/03/2025 08:04:34,3035.7,5,3035.5,2
26/03/2025 08:04:34,3035.5,1,3035.4,3
26/03/2025 08:04:35,3035.5,1,3035.4,3
26/03/2025 08:04:35,3035.5,5,3035.3,2
26/03/2025 08:04:36,3035.4,2,3035.2,3
26/03/2025 08:04:38,3035.4,1,3035.3,1
26/03/2025 08:04:39,3035.3,1,3035.2,1
26/03/2025 08:04:39,3035.3,4,3035.1,4
26/03/2025 08:04:40,3035.4,4,3035.2,6
26/03/2025 08:04:42,3035.3,4,3035.1,7
26/03/2025 08:04:45,3035.3,6,3035.1,3
26/03/2025 08:04:45,3035.3,6,3035.1,3
26/03/2025 08:04:45,3035.3,6,3035.1,3
26/03/2025 08:04:45,3035.3,6,3035.1,3
26/03/2025 08:04:45,3035.3,6,3035.1,3
26/03/2025 08:04:45,3035.3,6,3035.1,3
26/03/2025 08:04:45,3035.0,38,3034.8,7
26/03/2025 08:04:45,3035.0,36,3034.8,7
26/03/2025 08:04:47,3035.0,36,3034.8,7
26/03/2025 08:04:47,3035.0,36,3034.8,7
26/03/2025 08:04:47,3035.0,36,3034.8,7
26/03/2025 08:04:47,3035.0,36,3034.8,7
26/03/2025 08:04:47,3035.0,36,3034.8,7
26/03/2025 08:04:47,3035.0,1,3034.8,9
26/03/2025 08:04:51,3035.0,1,3034.8,9
26/03/2025 08:04:53,3034.9,1,3034.8,1
26/03/2025 08:04:57,3034.9,1,3034.7,4
26/03/2025 08:04:57,3034.8,3,3034.6,4
26/03/2025 08:04:57,3034.8,3,3034.6,4
26/03/2025 08:04:57,3034.7,1,3034.5,8
26/03/2025 08:04:58,3034.7,5,3034.5,4
26/03/2025 08:05:00,3034.7,1,3034.5,6
26/03/2025 08:05:01,3034.6,1,3034.5,2
26/03/2025 08:05:01,3034.6,1,3034.5,2
26/03/2025 08:05:01,3034.7,1,3034.5,8
26/03/2025 08:05:01,3034.7,2,3034.5,6
26/03/2025 08:05:01,3034.7,2,3034.5,6
26/03/2025 08:05:01,3034.7,2,3034.5,6
26/03/2025 08:05:02,3034.5,4,3034.3,6
26/03/2025 08:05:02,3034.4,1,3034.3,2
26/03/2025 08:05:02,3034.4,1,3034.3,2
26/03/2025 08:05:02,3034.4,1,3034.3,2
26/03/2025 08:05:02,3034.4,1,3034.3,2
26/03/2025 08:05:02,3034.5,5,3034.3,6
26/03/2025 08:05:02,3034.5,5,3034.3,6
26/03/2025 08:05:02,3034.5,2,3034.3,6
26/03/2025 08:05:03,3034.5,2,3034.3,6
26/03/2025 08:05:03,3034.7,4,3034.5,1
26/03/2025 08:05:07,3034.7,2,3034.5,2
26/03/2025 08:05:08,3034.7,2,3034.5,4
26/03/2025 08:05:09,3034.7,3,3034.5,3
26/03/2025 08:05:11,3034.7,4,3034.4,9
26/03/2025 08:05:11,3034.7,4,3034.4,9
26/03/2025 08:05:11,3034.7,4,3034.4,9
26/03/2025 08:05:13,3034.5,1,3034.3,8
26/03/2025 08:05:13,3034.5,1,3034.3,8
26/03/2025 08:05:13,3034.5,1,3034.3,8
26/03/2025 08:05:13,3034.5,1,3034.3,8
26/03/2025 08:05:13,3034.5,1,3034.3,8
26/03/2025 08:05:15,3034.7,7,3034.5,2
26/03/2025 08:05:20,3034.7,6,3034.4,7
26/03/2025 08:05:26,3034.6,5,3034.4,3
26/03/2025 08:05:27,3034.6,2,3034.5,1
26/03/2025 08:05:30,3034.6,1,3034.4,6
26/03/2025 08:05:35,3034.6,1,3034.5,1
26/03/2025 08:05:35,3034.6,1,3034.5,1
26/03/2025 08:05:35,3034.6,1,3034.5,1
26/03/2025 08:05:35,3034.6,1,3034.5,1
26/03/2025 08:05:35,3034.6,1,3034.5,1
26/03/2025 08:05:35,3034.6,1,3034.5,1
26/03/2025 08:05:35,3034.6,1,3034.5,1
26/03/2025 08:05:35,3034.6,1,3034.5,1
26/03/2025 08:05:35,3034.6,1,3034.5,1
26/03/2025 08:05:35,3034.6,1,3034.5,1
26/03/2025 08:05:35,3034.6,1,3034.5,1
26/03/2025 08:05:35,3034.6,1,3034.5,1
26/03/2025 08:05:35,3034.6,1,3034.5,1
26/03/2025 08:05:35,3035.0,5,3034.7,5
26/03/2025 08:05:37,3035.0,5,3034.7,5
26/03/2025 08:05:37,3034.8,3,3034.6,4
26/03/2025 08:05:39,3034.8,1,3034.7,3
26/03/2025 08:05:45,3035.0,3,3034.8,4
26/03/2025 08:05:51,3034.9,1,3034.8,1
26/03/2025 08:05:56,3034.8,4,3034.6,5
26/03/2025 08:06:00,3035.0,4,3034.8,2
26/03/2025 08:06:00,3035.0,4,3034.8,2
26/03/2025 08:06:00,3035.0,4,3034.8,2
26/03/2025 08:06:00,3035.0,4,3034.8,2
26/03/2025 08:06:00,3034.6,1,3034.5,1
26/03/2025 08:06:02,3034.6,4,3034.4,14
26/03/2025 08:06:02,3034.6,4,3034.4,8
26/03/2025 08:06:02,3034.6,4,3034.4,8
26/03/2025 08:06:07,3034.6,1,3034.5,1
26/03/2025 08:06:09,3034.7,3,3034.5,2
26/03/2025 08:06:19,3034.7,1,3034.6,1
26/03/2025 08:06:22,3034.7,1,3034.6,2
26/03/2025 08:06:22,3034.7,1,3034.6,2
26/03/2025 08:06:22,3034.7,1,3034.6,2
26/03/2025 08:06:22,3034.7,1,3034.6,2
26/03/2025 08:06:22,3034.7,1,3034.6,2
26/03/2025 08:06:22,3034.7,1,3034.6,2
26/03/2025 08:06:22,3034.7,1,3034.6,2
26/03/2025 08:06:22,3034.7,1,3034.6,2
26/03/2025 08:06:22,3035.1,4,3034.9,1
26/03/2025 08:06:22,3035.1,4,3034.9,1
26/03/2025 08:06:22,3035.1,4,3034.9,1
26/03/2025 08:06:22,3035.1,4,3034.9,1
26/03/2025 08:06:29,3035.0,1,3034.8,4
26/03/2025 08:06:31,3034.9,5,3034.6,5
26/03/2025 08:06:31,3034.9,2,3034.7,3
26/03/2025 08:06:32,3034.9,1,3034.7,3
26/03/2025 08:06:35,3034.8,2,3034.6,5
26/03/2025 08:06:40,3034.8,2,3034.6,4
26/03/2025 08:06:45,3034.8,1,3034.7,2
26/03/2025 08:06:45,3034.8,1,3034.7,1
26/03/2025 08:06:47,3034.8,1,3034.7,1
26/03/2025 08:06:49,3034.9,6,3034.7,1
26/03/2025 08:06:53,3034.9,1,3034.8,3
26/03/2025 08:06:54,3035.1,5,3034.9,4
26/03/2025 08:06:54,3035.1,5,3034.9,4
26/03/2025 08:06:54,3035.1,5,3034.9,4
26/03/2025 08:06:54,3035.2,4,3035.0,2
26/03/2025 08:06:54,3035.2,4,3035.0,2
26/03/2025 08:06:54,3035.2,4,3035.0,2
26/03/2025 08:06:54,3035.2,4,3035.0,2
26/03/2025 08:06:55,3035.2,1,3035.1,1
26/03/2025 08:06:55,3035.2,4,3035.0,2
26/03/2025 08:07:00,3035.2,4,3035.0,2
26/03/2025 08:07:00,3035.2,4,3035.0,2
26/03/2025 08:07:00,3035.2,4,3035.0,2
26/03/2025 08:07:00,3035.2,4,3035.0,2
26/03/2025 08:07:00,3035.2,4,3035.0,2
26/03/2025 08:07:00,3035.2,4,3035.0,2
26/03/2025 08:07:00,3034.7,1,3034.6,1
26/03/2025 08:07:00,3034.7,1,3034.6,1
26/03/2025 08:07:00,3034.7,1,3034.6,1
26/03/2025 08:07:00,3034.7,1,3034.6,1
26/03/2025 08:07:00,3034.7,1,3034.6,1
26/03/2025 08:07:00,3034.7,1,3034.6,1
26/03/2025 08:07:00,3034.7,1,3034.6,2
26/03/2025 08:07:03,3034.7,2,3034.6,2
26/03/2025 08:07:03,3034.7,7,3034.5,1
26/03/2025 08:07:10,3034.6,2,3034.4,9
26/03/2025 08:07:13,3034.7,4,3034.6,3
26/03/2025 08:07:13,3034.8,5,3034.6,4
26/03/2025 08:07:14,3034.8,7,3034.6,4
26/03/2025 08:07:15,3034.7,1,3034.6,2
26/03/2025 08:07:15,3034.8,4,3034.6,3
26/03/2025 08:07:17,3034.8,3,3034.7,1
26/03/2025 08:07:17,3034.8,4,3034.6,4
26/03/2025 08:07:17,3034.7,3,3034.6,1
26/03/2025 08:07:19,3034.7,3,3034.6,1
26/03/2025 08:07:19,3034.8,6,3034.6,1
26/03/2025 08:07:20,3034.8,6,3034.6,1
26/03/2025 08:07:20,3034.8,6,3034.6,2
26/03/2025 08:07:20,3034.8,3,3034.6,3
26/03/2025 08:07:24,3034.7,3,3034.6,2
26/03/2025 08:07:30,3034.6,1,3034.5,2
26/03/2025 08:07:33,3034.6,4,3034.4,9
26/03/2025 08:07:34,3034.6,1,3034.4,12
26/03/2025 08:07:36,3034.7,4,3034.5,4
26/03/2025 08:07:40,3034.7,2,3034.6,1
26/03/2025 08:07:40,3034.8,5,3034.6,4
26/03/2025 08:07:44,3034.7,5,3034.5,2
26/03/2025 08:07:44,3034.7,5,3034.5,2
26/03/2025 08:08:02,3034.7,6,3034.5,4
26/03/2025 08:08:02,3034.7,6,3034.5,4
26/03/2025 08:08:02,3034.7,6,3034.5,4
26/03/2025 08:08:02,3034.7,6,3034.5,4
26/03/2025 08:08:02,3034.7,6,3034.5,4
26/03/2025 08:08:02,3034.2,2,3034.1,1
26/03/2025 08:08:02,3034.2,2,3034.1,1
26/03/2025 08:08:07,3034.2,1,3034.0,22
26/03/2025 08:08:07,3034.2,1,3034.0,22
26/03/2025 08:08:07,3034.2,1,3034.0,22
26/03/2025 08:08:12,3034.3,1,3034.2,6
26/03/2025 08:08:12,3034.3,5,3034.1,8
26/03/2025 08:08:13,3034.3,5,3034.1,8
26/03/2025 08:08:13,3034.3,5,3034.1,8
26/03/2025 08:08:13,3034.3,5,3034.1,8
26/03/2025 08:08:13,3034.3,5,3034.1,8
26/03/2025 08:08:13,3034.3,5,3034.1,8
26/03/2025 08:08:13,3034.3,5,3034.1,6
26/03/2025 08:08:13,3034.3,5,3034.1,6
26/03/2025 08:08:14,3034.3,5,3034.1,6
26/03/2025 08:08:14,3034.3,5,3034.1,6
26/03/2025 08:08:14,3034.3,5,3034.1,6
26/03/2025 08:08:14,3034.3,5,3034.1,6
26/03/2025 08:08:14,3034.3,5,3034.1,6
26/03/2025 08:08:14,3034.3,5,3034.1,6
26/03/2025 08:08:14,3034.3,5,3034.1,6
26/03/2025 08:08:14,3034.6,4,3034.4,7
26/03/2025 08:08:14,3034.6,3,3034.4,8
26/03/2025 08:08:16,3034.6,3,3034.4,5
26/03/2025 08:08:16,3034.6,3,3034.4,5
26/03/2025 08:08:16,3034.6,3,3034.4,5
26/03/2025 08:08:16,3034.6,3,3034.4,5
26/03/2025 08:08:16,3034.6,3,3034.4,5
26/03/2025 08:08:18,3034.7,6,3034.5,3
26/03/2025 08:08:21,3034.7,4,3034.5,3
26/03/2025 08:08:21,3034.8,1,3034.7,5
26/03/2025 08:08:21,3034.8,1,3034.7,5
26/03/2025 08:08:21,3034.8,1,3034.7,5
26/03/2025 08:08:22,3034.8,1,3034.7,5
26/03/2025 08:08:25,3035.0,10,3034.8,2
26/03/2025 08:08:25,3035.0,10,3034.8,2
26/03/2025 08:08:25,3035.0,10,3034.8,2
26/03/2025 08:08:25,3035.0,10,3034.8,2
26/03/2025 08:08:25,3035.0,10,3034.8,2
26/03/2025 08:08:25,3035.0,10,3034.8,2
26/03/2025 08:08:25,3035.0,10,3034.8,2
26/03/2025 08:08:25,3035.0,10,3034.8,2
26/03/2025 08:08:25,3034.4,5,3034.2,2
26/03/2025 08:08:25,3034.4,4,3034.2,2
26/03/2025 08:08:27,3034.5,5,3034.3,2
26/03/2025 08:08:28,3034.5,1,3034.4,1
26/03/2025 08:08:28,3034.4,4,3034.2,2
26/03/2025 08:08:28,3034.4,7,3034.2,2
26/03/2025 08:08:29,3034.4,7,3034.2,3
26/03/2025 08:08:29,3034.4,7,3034.2,2
26/03/2025 08:08:29,3034.3,5,3034.1,7
26/03/2025 08:08:29,3034.3,5,3034.1,7
26/03/2025 08:08:29,3034.3,3,3034.1,6
26/03/2025 08:08:29,3034.3,3,3034.1,6
26/03/2025 08:08:29,3034.2,1,3034.0,22
26/03/2025 08:08:29,3034.2,1,3034.0,22
26/03/2025 08:08:29,3034.2,1,3034.0,22
26/03/2025 08:08:29,3034.2,1,3034.0,22
26/03/2025 08:08:29,3034.2,7,3034.0,4
26/03/2025 08:08:29,3034.2,7,3034.0,4
26/03/2025 08:08:30,3034.2,7,3034.0,4
26/03/2025 08:08:30,3034.2,7,3034.0,4
26/03/2025 08:08:30,3034.2,7,3034.0,4
26/03/2025 08:08:30,3034.2,7,3034.0,4
26/03/2025 08:08:30,3034.1,7,3033.9,4
26/03/2025 08:08:30,3034.0,1,3033.9,4
26/03/2025 08:08:31,3034.0,2,3033.9,1
26/03/2025 08:08:31,3034.0,2,3033.8,9
26/03/2025 08:08:31,3034.0,2,3033.8,9
26/03/2025 08:08:31,3034.0,2,3033.8,9
26/03/2025 08:08:31,3034.0,2,3033.8,9
26/03/2025 08:08:31,3034.0,2,3033.8,9
26/03/2025 08:08:32,3034.3,3,3034.1,4
26/03/2025 08:08:32,3034.2,1,3034.1,1
26/03/2025 08:08:33,3034.2,1,3034.1,1
26/03/2025 08:08:33,3034.2,1,3034.1,1
26/03/2025 08:08:33,3034.2,1,3034.1,1
26/03/2025 08:08:33,3034.2,1,3034.1,1
26/03/2025 08:08:33,3034.2,1,3034.1,1
26/03/2025 08:08:33,3034.6,2,3034.4,2
26/03/2025 08:08:34,3034.6,2,3034.4,3
26/03/2025 08:08:34,3034.6,2,3034.4,3
26/03/2025 08:08:34,3034.6,2,3034.4,3
26/03/2025 08:08:34,3034.6,2,3034.4,3
26/03/2025 08:08:34,3034.6,2,3034.4,3
26/03/2025 08:08:34,3034.6,2,3034.4,3
26/03/2025 08:08:34,3034.6,2,3034.4,3
26/03/2025 08:08:39,3034.5,5,3034.3,2
26/03/2025 08:08:39,3034.5,4,3034.3,1
26/03/2025 08:08:43,3034.5,3,3034.3,2
26/03/2025 08:08:43,3034.5,4,3034.2,7
26/03/2025 08:08:48,3034.3,2,3034.1,8
26/03/2025 08:08:48,3034.4,2,3034.2,6
26/03/2025 08:08:49,3034.6,1,3034.5,1
26/03/2025 08:08:49,3034.6,1,3034.5,1
26/03/2025 08:08:51,3034.7,2,3034.6,1
26/03/2025 08:08:51,3034.7,2,3034.5,3
26/03/2025 08:08:51,3034.7,2,3034.5,3
26/03/2025 08:08:52,3034.7,2,3034.5,3
26/03/2025 08:08:52,3034.7,2,3034.5,3
26/03/2025 08:08:52,3034.7,2,3034.5,3
26/03/2025 08:08:52,3034.7,2,3034.5,3
26/03/2025 08:08:52,3034.7,2,3034.5,3
26/03/2025 08:08:52,3034.7,2,3034.5,3
26/03/2025 08:08:52,3034.7,2,3034.5,3
26/03/2025 08:08:52,3034.7,2,3034.5,3
26/03/2025 08:08:52,3034.7,6,3034.5,5
26/03/2025 08:08:53,3034.7,6,3034.5,5
26/03/2025 08:08:53,3034.7,6,3034.5,5
26/03/2025 08:08:53,3034.7,6,3034.5,5
26/03/2025 08:08:53,3034.7,3,3034.6,1
26/03/2025 08:08:54,3034.7,3,3034.6,1
26/03/2025 08:08:54,3034.7,4,3034.5,2
26/03/2025 08:08:54,3034.7,4,3034.5,2
26/03/2025 08:08:54,3034.7,4,3034.5,2
26/03/2025 08:08:54,3034.7,4,3034.5,2
26/03/2025 08:08:54,3034.7,4,3034.5,2
26/03/2025 08:08:54,3034.4,2,3034.2,3
26/03/2025 08:08:56,3034.4,4,3034.2,3
26/03/2025 08:08:56,3034.4,4,3034.2,3
26/03/2025 08:09:00,3034.4,1,3034.2,3
26/03/2025 08:09:01,3034.5,3,3034.4,1
26/03/2025 08:09:01,3034.5,3,3034.4,1
26/03/2025 08:09:01,3034.5,1,3034.3,6
26/03/2025 08:09:04,3034.5,5,3034.3,3
26/03/2025 08:09:04,3034.5,4,3034.3,2
26/03/2025 08:09:04,3034.5,4,3034.3,2
26/03/2025 08:09:04,3034.5,4,3034.3,2
26/03/2025 08:09:04,3034.5,4,3034.3,2
26/03/2025 08:09:04,3034.5,4,3034.3,2
26/03/2025 08:09:04,3034.7,3,3034.5,3
26/03/2025 08:09:05,3034.7,3,3034.5,3
26/03/2025 08:09:05,3034.7,3,3034.5,3
26/03/2025 08:09:05,3034.6,4,3034.4,2
26/03/2025 08:09:06,3034.6,4,3034.4,2
26/03/2025 08:09:06,3034.6,4,3034.4,2
26/03/2025 08:09:06,3034.6,4,3034.4,2
26/03/2025 08:09:07,3034.7,3,3034.5,2
26/03/2025 08:09:07,3034.7,5,3034.5,2
26/03/2025 08:09:08,3034.7,3,3034.5,2
26/03/2025 08:09:11,3034.7,2,3034.5,3
26/03/2025 08:09:12,3034.8,3,3034.6,2
26/03/2025 08:09:17,3034.5,4,3034.3,3
26/03/2025 08:09:19,3034.5,2,3034.3,3
26/03/2025 08:09:25,3034.6,5,3034.4,2
26/03/2025 08:09:25,3034.7,5,3034.5,1
26/03/2025 08:09:26,3034.7,5,3034.5,1
26/03/2025 08:09:27,3034.7,2,3034.5,3
26/03/2025 08:09:29,3034.8,8,3034.6,2
26/03/2025 08:09:33,3034.8,7,3034.6,1
26/03/2025 08:09:33,3034.8,6,3034.6,1
26/03/2025 08:09:37,3034.8,6,3034.6,1
26/03/2025 08:09:37,3034.8,6,3034.6,1
26/03/2025 08:09:42,3034.9,1,3034.7,4
26/03/2025 08:09:42,3034.9,1,3034.7,4
26/03/2025 08:09:45,3035.0,7,3034.8,2
26/03/2025 08:09:45,3035.1,2,3035.0,1
26/03/2025 08:09:46,3035.1,2,3035.0,1
26/03/2025 08:09:46,3035.2,2,3035.1,1
26/03/2025 08:09:47,3035.2,2,3035.1,1
26/03/2025 08:09:48,3035.1,4,3034.9,2
26/03/2025 08:09:52,3035.1,2,3034.9,2
26/03/2025 08:09:52,3035.1,2,3034.9,2
26/03/2025 08:10:02,3035.1,6,3034.9,2
26/03/2025 08:10:05,3035.1,8,3034.9,1
26/03/2025 08:10:05,3035.1,8,3034.9,1
26/03/2025 08:10:05,3035.2,5,3035.0,2
26/03/2025 08:10:05,3035.2,5,3035.0,2
26/03/2025 08:10:05,3035.2,5,3035.0,2
26/03/2025 08:10:05,3035.2,5,3035.0,2
26/03/2025 08:10:05,3035.2,5,3035.0,2
26/03/2025 08:10:08,3035.0,6,3034.8,1
26/03/2025 08:10:14,3034.9,3,3034.7,3
26/03/2025 08:10:27,3034.9,1,3034.8,2
26/03/2025 08:10:36,3034.9,6,3034.7,4
26/03/2025 08:10:36,3034.9,7,3034.7,1
26/03/2025 08:10:36,3034.8,2,3034.6,3
26/03/2025 08:10:37,3034.8,2,3034.6,3
26/03/2025 08:10:43,3034.9,1,3034.8,1
26/03/2025 08:10:46,3035.0,2,3034.8,4
26/03/2025 08:10:52,3035.0,2,3034.8,4
26/03/2025 08:10:55,3035.1,7,3034.9,3
26/03/2025 08:10:55,3035.0,6,3034.8,1
26/03/2025 08:10:57,3035.0,6,3034.8,1
26/03/2025 08:10:57,3035.0,6,3034.8,1
26/03/2025 08:10:57,3035.0,6,3034.8,1
26/03/2025 08:11:00,3035.0,6,3034.8,2
26/03/2025 08:11:09,3034.8,1,3034.7,2
26/03/2025 08:11:11,3034.8,1,3034.6,4
26/03/2025 08:11:17,3034.9,7,3034.7,1
26/03/2025 08:11:18,3034.9,5,3034.7,2
26/03/2025 08:11:18,3034.9,2,3034.7,4
26/03/2025 08:11:19,3034.9,2,3034.7,4
26/03/2025 08:11:19,3035.0,9,3034.8,1
26/03/2025 08:11:19,3035.1,7,3034.9,2
26/03/2025 08:11:20,3035.1,6,3034.9,2
26/03/2025 08:11:20,3035.1,6,3034.9,2
26/03/2025 08:11:20,3035.1,6,3034.9,2
26/03/2025 08:11:21,3035.2,8,3035.0,1
26/03/2025 08:11:21,3035.2,1,3035.1,1
26/03/2025 08:11:21,3035.2,1,3035.1,1
26/03/2025 08:11:27,3035.1,2,3035.0,5
26/03/2025 08:11:27,3035.1,8,3034.9,1
26/03/2025 08:11:29,3035.1,6,3034.9,2
26/03/2025 08:11:30,3035.0,2,3034.8,8
26/03/2025 08:11:31,3035.0,2,3034.8,8
26/03/2025 08:11:31,3035.0,2,3034.8,8
26/03/2025 08:11:32,3035.1,4,3034.9,6
26/03/2025 08:11:36,3035.1,4,3034.9,6
26/03/2025 08:11:38,3035.1,4,3034.9,5
26/03/2025 08:11:44,3035.0,4,3034.9,5
26/03/2025 08:11:44,3035.0,4,3034.9,5
26/03/2025 08:11:44,3035.0,4,3034.9,5
26/03/2025 08:11:50,3034.9,2,3034.7,1
26/03/2025 08:11:54,3034.7,4,3034.5,3
26/03/2025 08:11:54,3034.7,4,3034.5,3
26/03/2025 08:11:54,3034.7,4,3034.5,3
26/03/2025 08:11:54,3034.7,4,3034.5,3
26/03/2025 08:11:54,3034.7,4,3034.5,3
26/03/2025 08:11:54,3034.7,4,3034.5,3
26/03/2025 08:11:54,3034.7,4,3034.5,3
26/03/2025 08:11:54,3035.0,3,3034.9,1
26/03/2025 08:11:56,3035.0,3,3034.9,1
26/03/2025 08:11:56,3035.0,3,3034.9,1
26/03/2025 08:11:57,3035.0,2,3034.8,4
26/03/2025 08:12:01,3034.9,6,3034.7,3
26/03/2025 08:12:02,3034.9,3,3034.8,1
26/03/2025 08:12:03,3034.8,3,3034.7,1
26/03/2025 08:12:03,3034.8,3,3034.7,1
26/03/2025 08:12:04,3034.7,5,3034.5,6
26/03/2025 08:12:04,3034.6,2,3034.5,1
26/03/2025 08:12:05,3034.6,1,3034.5,1
26/03/2025 08:12:05,3034.6,1,3034.4,4
26/03/2025 08:12:10,3034.5,2,3034.3,4
26/03/2025 08:12:10,3034.5,1,3034.3,5
26/03/2025 08:12:14,3034.6,2,3034.4,4
26/03/2025 08:12:21,3034.5,1,3034.4,1
26/03/2025 08:12:21,3034.5,1,3034.4,1
26/03/2025 08:12:28,3034.6,5,3034.4,2
26/03/2025 08:12:28,3034.7,9,3034.4,4
26/03/2025 08:12:28,3034.7,9,3034.4,4
26/03/2025 08:12:28,3034.8,2,3034.7,3
26/03/2025 08:12:29,3034.8,2,3034.7,3
26/03/2025 08:12:29,3034.9,1,3034.8,3
26/03/2025 08:12:30,3035.0,6,3034.8,3
26/03/2025 08:12:30,3035.0,6,3034.8,3
26/03/2025 08:12:30,3035.0,6,3034.8,3
26/03/2025 08:12:30,3035.0,4,3034.8,1
26/03/2025 08:12:30,3035.0,4,3034.8,1
26/03/2025 08:12:31,3035.0,4,3034.8,1
26/03/2025 08:12:31,3035.0,3,3034.8,2
26/03/2025 08:12:31,3035.0,3,3034.8,2
26/03/2025 08:12:31,3035.1,1,3034.9,5
26/03/2025 08:12:31,3035.2,5,3034.9,5
26/03/2025 08:12:32,3035.2,5,3034.9,5
26/03/2025 08:12:37,3035.0,1,3034.8,2
26/03/2025 08:12:37,3035.1,5,3034.9,6
26/03/2025 08:12:38,3035.1,5,3034.9,6
26/03/2025 08:12:38,3035.1,4,3034.9,4
26/03/2025 08:12:38,3035.1,1,3035.0,1
26/03/2025 08:12:38,3035.1,1,3035.0,1
26/03/2025 08:12:38,3035.0,2,3034.8,2
26/03/2025 08:12:42,3034.9,1,3034.8,1
26/03/2025 08:12:45,3034.9,6,3034.7,1
26/03/2025 08:12:56,3034.6,4,3034.4,1
26/03/2025 08:12:56,3034.6,4,3034.4,1
26/03/2025 08:13:00,3034.5,1,3034.4,2
26/03/2025 08:13:07,3034.5,5,3034.3,3
26/03/2025 08:13:07,3034.5,1,3034.3,2
26/03/2025 08:13:07,3034.5,1,3034.3,2
26/03/2025 08:13:10,3034.5,4,3034.3,2
26/03/2025 08:13:10,3034.3,2,3034.2,2
26/03/2025 08:13:13,3034.3,2,3034.2,2
26/03/2025 08:13:20,3034.3,2,3034.2,5
26/03/2025 08:13:20,3034.2,1,3034.1,5
26/03/2025 08:13:23,3034.3,2,3034.2,1
26/03/2025 08:13:23,3034.3,1,3034.1,6
26/03/2025 08:13:26,3034.3,1,3034.2,5
26/03/2025 08:13:27,3034.4,4,3034.2,5
26/03/2025 08:13:28,3034.4,7,3034.2,4
26/03/2025 08:13:28,3034.4,4,3034.2,4
26/03/2025 08:13:28,3034.4,4,3034.2,4
26/03/2025 08:13:28,3034.3,7,3034.1,2
26/03/2025 08:13:30,3034.2,4,3034.1,1
26/03/2025 08:13:32,3034.2,7,3034.0,66
26/03/2025 08:13:32,3034.2,7,3034.0,66
26/03/2025 08:13:32,3034.2,7,3034.0,66
26/03/2025 08:13:32,3034.2,7,3034.0,66
26/03/2025 08:13:32,3034.1,8,3033.9,4
26/03/2025 08:13:32,3034.1,8,3033.9,4
26/03/2025 08:13:33,3034.0,2,3033.8,2
26/03/2025 08:13:33,3034.1,13,3033.8,6
26/03/2025 08:13:33,3034.1,8,3033.9,5
26/03/2025 08:13:41,3034.0,4,3033.9,1
26/03/2025 08:13:41,3034.1,5,3033.9,4
26/03/2025 08:13:42,3034.0,4,3033.9,1
26/03/2025 08:13:42,3033.9,3,3033.7,3
26/03/2025 08:13:42,3033.9,3,3033.7,3
26/03/2025 08:13:43,3033.9,3,3033.7,3
26/03/2025 08:13:43,3033.9,6,3033.7,1
26/03/2025 08:13:43,3033.9,6,3033.7,1
26/03/2025 08:13:45,3033.8,1,3033.7,2
26/03/2025 08:13:45,3033.8,1,3033.7,2
26/03/2025 08:13:45,3033.8,4,3033.6,9
26/03/2025 08:13:46,3033.8,4,3033.6,9
26/03/2025 08:13:46,3033.8,4,3033.6,9
26/03/2025 08:13:46,3033.8,4,3033.6,9
26/03/2025 08:13:46,3033.8,4,3033.6,9
26/03/2025 08:13:46,3033.8,4,3033.6,9
26/03/2025 08:13:46,3033.8,4,3033.6,9
26/03/2025 08:13:47,3033.6,2,3033.4,5
26/03/2025 08:13:47,3033.6,4,3033.4,2
26/03/2025 08:13:48,3033.6,1,3033.4,7
26/03/2025 08:13:50,3033.7,10,3033.5,5
26/03/2025 08:13:50,3033.7,10,3033.5,5
26/03/2025 08:13:51,3033.7,10,3033.5,4
26/03/2025 08:13:54,3033.5,1,3033.4,6
26/03/2025 08:13:56,3033.6,4,3033.5,1
26/03/2025 08:13:56,3033.7,7,3033.5,3
26/03/2025 08:13:57,3033.6,1,3033.5,2
26/03/2025 08:13:57,3033.7,8,3033.5,1
26/03/2025 08:13:58,3033.7,8,3033.5,1
26/03/2025 08:13:59,3033.6,5,3033.4,4
26/03/2025 08:13:59,3033.7,5,3033.5,6
26/03/2025 08:13:59,3033.7,5,3033.5,6
26/03/2025 08:14:00,3033.7,3,3033.6,1
26/03/2025 08:14:00,3033.6,1,3033.4,9
26/03/2025 08:14:01,3033.6,1,3033.4,9
26/03/2025 08:14:02,3033.5,1,3033.4,1
26/03/2025 08:14:02,3033.6,3,3033.4,8
26/03/2025 08:14:02,3033.5,2,3033.4,2
26/03/2025 08:14:03,3033.5,3,3033.3,11
26/03/2025 08:14:03,3033.5,5,3033.3,10
26/03/2025 08:14:03,3033.5,5,3033.3,10
26/03/2025 08:14:03,3033.5,5,3033.3,10
26/03/2025 08:14:03,3033.4,6,3033.2,3
26/03/2025 08:14:04,3033.4,6,3033.2,3
26/03/2025 08:14:04,3033.4,3,3033.2,3
26/03/2025 08:14:05,3033.4,3,3033.2,4
26/03/2025 08:14:06,3033.4,5,3033.2,6
26/03/2025 08:14:06,3033.4,2,3033.3,2
26/03/2025 08:14:09,3033.3,1,3033.2,2
26/03/2025 08:14:09,3033.3,6,3033.1,6
26/03/2025 08:14:10,3033.3,6,3033.1,6
26/03/2025 08:14:10,3033.3,6,3033.1,6
26/03/2025 08:14:10,3033.3,6,3033.1,6
26/03/2025 08:14:10,3033.3,6,3033.1,6
26/03/2025 08:14:10,3033.3,6,3033.1,6
26/03/2025 08:14:10,3033.3,6,3033.1,6
26/03/2025 08:14:10,3033.3,6,3033.1,6
26/03/2025 08:14:10,3033.3,6,3033.1,6
26/03/2025 08:14:10,3033.0,2,3032.8,10
26/03/2025 08:14:10,3033.0,2,3032.8,10
26/03/2025 08:14:10,3033.1,8,3032.9,4
26/03/2025 08:14:10,3033.1,8,3032.9,4
26/03/2025 08:14:10,3033.1,8,3032.9,1
26/03/2025 08:14:10,3033.1,7,3032.9,4
26/03/2025 08:14:10,3033.1,7,3032.9,4
26/03/2025 08:14:13,3033.1,6,3032.9,4
26/03/2025 08:14:13,3033.2,27,3033.0,4
26/03/2025 08:14:14,3033.2,27,3033.0,4
26/03/2025 08:14:14,3033.2,24,3033.0,10
26/03/2025 08:14:15,3033.2,24,3033.0,10
26/03/2025 08:14:15,3033.3,5,3033.1,1
26/03/2025 08:14:15,3033.3,5,3033.1,1
26/03/2025 08:14:23,3033.3,4,3033.1,3
26/03/2025 08:14:23,3033.4,26,3033.2,3
26/03/2025 08:14:24,3033.4,26,3033.2,3
26/03/2025 08:14:24,3033.3,5,3033.1,3
26/03/2025 08:14:24,3033.3,5,3033.1,3
26/03/2025 08:14:24,3033.3,2,3033.1,7
26/03/2025 08:14:26,3033.3,2,3033.1,7
26/03/2025 08:14:26,3033.3,2,3033.1,7
26/03/2025 08:14:26,3033.3,4,3033.1,3
26/03/2025 08:14:27,3033.3,4,3033.1,3
26/03/2025 08:14:28,3033.3,3,3033.2,1
26/03/2025 08:14:30,3033.3,2,3033.1,3
26/03/2025 08:14:31,3033.3,2,3033.1,6
26/03/2025 08:14:37,3033.3,1,3033.2,1
26/03/2025 08:14:37,3033.4,4,3033.2,4
26/03/2025 08:14:37,3033.4,4,3033.2,4
26/03/2025 08:14:37,3033.4,4,3033.2,4
26/03/2025 08:14:44,3033.3,3,3033.2,1
26/03/2025 08:14:44,3033.3,3,3033.2,1
26/03/2025 08:14:44,3033.1,1,3033.0,1
26/03/2025 08:14:45,3033.1,1,3033.0,1
26/03/2025 08:14:46,3033.2,9,3033.0,3
26/03/2025 08:14:46,3033.0,2,3032.8,5
26/03/2025 08:14:47,3033.0,2,3032.8,5
26/03/2025 08:14:50,3033.0,4,3032.8,2
26/03/2025 08:14:50,3033.0,4,3032.8,2
26/03/2025 08:14:50,3033.0,4,3032.8,2
26/03/2025 08:14:51,3032.9,2,3032.7,8
26/03/2025 08:14:51,3033.0,2,3032.8,4
26/03/2025 08:14:51,3033.0,2,3032.8,4
26/03/2025 08:14:51,3033.0,2,3032.8,4
26/03/2025 08:14:55,3033.0,6,3032.8,1
26/03/2025 08:14:55,3032.9,1,3032.8,1
26/03/2025 08:14:55,3032.9,1,3032.8,1
26/03/2025 08:14:56,3033.0,6,3032.8,3
26/03/2025 08:14:56,3033.0,6,3032.8,3
26/03/2025 08:14:56,3033.0,6,3032.8,3
26/03/2025 08:14:56,3032.8,1,3032.6,7
26/03/2025 08:14:56,3032.9,3,3032.7,5
26/03/2025 08:15:01,3032.8,6,3032.6,3
26/03/2025 08:15:01,3032.8,5,3032.6,4
26/03/2025 08:15:03,3032.7,1,3032.6,2
26/03/2025 08:15:03,3032.6,1,3032.5,2
26/03/2025 08:15:04,3032.6,2,3032.5,2
26/03/2025 08:15:04,3032.6,2,3032.5,2
26/03/2025 08:15:04,3032.6,2,3032.5,2
26/03/2025 08:15:05,3032.8,5,3032.6,3
26/03/2025 08:15:05,3032.7,2,3032.5,5
26/03/2025 08:15:07,3032.7,3,3032.5,5
26/03/2025 08:15:07,3032.6,2,3032.5,1
26/03/2025 08:15:08,3032.6,3,3032.5,1
26/03/2025 08:15:08,3032.6,1,3032.5,2
26/03/2025 08:15:08,3032.7,2,3032.5,3
26/03/2025 08:15:11,3032.6,1,3032.5,1
26/03/2025 08:15:11,3032.6,1,3032.5,1
26/03/2025 08:15:11,3032.6,1,3032.5,1
26/03/2025 08:15:11,3032.5,7,3032.3,3
26/03/2025 08:15:12,3032.4,2,3032.3,1
26/03/2025 08:15:13,3032.4,2,3032.2,4
26/03/2025 08:15:14,3032.4,3,3032.2,4
26/03/2025 08:15:14,3032.4,3,3032.2,5
26/03/2025 08:15:15,3032.4,3,3032.2,5
26/03/2025 08:15:15,3032.4,2,3032.2,7
26/03/2025 08:15:15,3032.4,2,3032.2,7
26/03/2025 08:15:15,3032.5,6,3032.3,3
26/03/2025 08:15:16,3032.5,6,3032.3,3
26/03/2025 08:15:16,3032.5,5,3032.3,2
26/03/2025 08:15:17,3032.5,5,3032.3,2
26/03/2025 08:15:17,3032.5,5,3032.3,2
26/03/2025 08:15:17,3032.5,4,3032.3,2
26/03/2025 08:15:20,3032.5,3,3032.3,10
26/03/2025 08:15:21,3032.5,4,3032.3,8
26/03/2025 08:15:21,3032.5,3,3032.3,9
26/03/2025 08:15:23,3032.5,3,3032.3,8
26/03/2025 08:15:24,3032.5,2,3032.4,1
26/03/2025 08:15:24,3032.5,2,3032.3,7
26/03/2025 08:15:25,3032.5,3,3032.3,6
26/03/2025 08:15:25,3032.7,9,3032.5,6
26/03/2025 08:15:25,3032.7,9,3032.5,6
26/03/2025 08:15:25,3032.7,9,3032.5,6
26/03/2025 08:15:26,3032.6,1,3032.5,2
26/03/2025 08:15:27,3032.6,1,3032.5,2
26/03/2025 08:15:30,3032.5,1,3032.4,5
26/03/2025 08:15:32,3032.5,5,3032.3,5
26/03/2025 08:15:32,3032.5,5,3032.3,5
26/03/2025 08:15:33,3032.5,3,3032.4,3
26/03/2025 08:15:33,3032.6,1,3032.5,1
26/03/2025 08:15:34,3032.6,1,3032.5,1
26/03/2025 08:15:34,3032.6,1,3032.5,1
26/03/2025 08:15:34,3032.6,1,3032.5,1
26/03/2025 08:15:34,3032.7,6,3032.5,8
26/03/2025 08:15:35,3032.6,1,3032.5,6
26/03/2025 08:15:35,3032.6,7,3032.4,1
26/03/2025 08:15:38,3032.6,7,3032.4,3
26/03/2025 08:15:39,3032.6,7,3032.4,3
26/03/2025 08:15:40,3032.5,2,3032.3,8
26/03/2025 08:15:43,3032.5,2,3032.3,8
26/03/2025 08:15:43,3032.6,6,3032.4,3
26/03/2025 08:15:44,3032.6,6,3032.4,3
26/03/2025 08:15:44,3032.7,5,3032.6,2
26/03/2025 08:15:44,3032.7,5,3032.6,2
26/03/2025 08:15:45,3032.7,5,3032.5,8
26/03/2025 08:15:47,3032.8,4,3032.6,6
26/03/2025 08:15:47,3032.8,3,3032.6,5
26/03/2025 08:15:53,3032.7,2,3032.5,9
26/03/2025 08:15:53,3032.7,5,3032.5,7
26/03/2025 08:15:53,3032.7,5,3032.5,7
26/03/2025 08:15:53,3032.6,3,3032.4,10
26/03/2025 08:15:57,3032.6,3,3032.4,7
26/03/2025 08:16:00,3032.6,1,3032.5,1
26/03/2025 08:16:00,3032.6,1,3032.5,1
26/03/2025 08:16:05,3032.5,4,3032.4,6
26/03/2025 08:16:05,3032.5,3,3032.4,1
26/03/2025 08:16:05,3032.6,11,3032.4,2
26/03/2025 08:16:05,3032.6,11,3032.4,2
26/03/2025 08:16:07,3032.5,7,3032.3,3
26/03/2025 08:16:07,3032.5,7,3032.3,3
26/03/2025 08:16:10,3032.5,5,3032.3,4
26/03/2025 08:16:10,3032.4,2,3032.2,4
26/03/2025 08:16:12,3032.4,4,3032.2,3
26/03/2025 08:16:12,3032.5,4,3032.3,6
26/03/2025 08:16:17,3032.5,3,3032.3,3
26/03/2025 08:16:18,3032.5,4,3032.3,3
26/03/2025 08:16:18,3032.5,4,3032.3,3
26/03/2025 08:16:21,3032.4,3,3032.3,1
26/03/2025 08:16:21,3032.4,3,3032.3,1
26/03/2025 08:16:21,3032.4,2,3032.2,7
26/03/2025 08:16:23,3032.3,2,3032.2,7
26/03/2025 08:16:23,3032.2,1,3032.1,3
26/03/2025 08:16:24,3032.2,1,3032.1,3
26/03/2025 08:16:24,3032.3,4,3032.1,8
26/03/2025 08:16:24,3032.3,4,3032.1,8
26/03/2025 08:16:24,3032.3,2,3032.1,8
26/03/2025 08:16:25,3032.3,1,3032.1,9
26/03/2025 08:16:26,3032.4,5,3032.2,3
26/03/2025 08:16:32,3032.3,3,3032.2,2
26/03/2025 08:16:32,3032.3,3,3032.2,2
26/03/2025 08:16:32,3032.4,4,3032.2,4
26/03/2025 08:16:32,3032.4,4,3032.2,4
26/03/2025 08:16:32,3032.4,4,3032.2,4
26/03/2025 08:16:36,3032.4,6,3032.2,5
26/03/2025 08:16:39,3032.4,5,3032.2,5
26/03/2025 08:16:39,3032.4,5,3032.2,10
26/03/2025 08:16:39,3032.4,5,3032.2,10
26/03/2025 08:16:42,3032.3,3,3032.2,6
26/03/2025 08:16:42,3032.3,5,3032.1,5
26/03/2025 08:16:42,3032.3,5,3032.1,5
26/03/2025 08:16:42,3032.3,5,3032.1,5
26/03/2025 08:16:45,3032.3,1,3032.2,3
26/03/2025 08:16:45,3032.3,1,3032.1,6
26/03/2025 08:16:45,3032.3,1,3032.1,6
26/03/2025 08:16:52,3032.2,1,3032.1,1
26/03/2025 08:16:52,3032.1,2,3032.0,4
26/03/2025 08:16:52,3032.2,5,3032.0,3
26/03/2025 08:16:54,3032.2,6,3032.0,3
26/03/2025 08:16:55,3032.2,6,3032.0,4
26/03/2025 08:16:58,3032.2,5,3032.0,3
26/03/2025 08:16:58,3032.3,3,3032.1,7
26/03/2025 08:17:00,3032.3,6,3032.1,4
26/03/2025 08:17:01,3032.2,2,3032.1,1
26/03/2025 08:17:01,3032.3,3,3032.2,2
26/03/2025 08:17:01,3032.3,1,3032.2,1
26/03/2025 08:17:02,3032.3,3,3032.1,4
26/03/2025 08:17:02,3032.3,3,3032.1,4
26/03/2025 08:17:02,3032.3,4,3032.1,4
26/03/2025 08:17:02,3032.3,4,3032.1,4
26/03/2025 08:17:04,3032.3,1,3032.2,1
26/03/2025 08:17:04,3032.3,1,3032.2,1
26/03/2025 08:17:04,3032.4,4,3032.1,8
26/03/2025 08:17:04,3032.5,3,3032.3,11
26/03/2025 08:17:04,3032.5,3,3032.3,11
26/03/2025 08:17:04,3032.5,3,3032.3,11
26/03/2025 08:17:04,3032.6,3,3032.4,4
26/03/2025 08:17:08,3032.6,7,3032.4,1
26/03/2025 08:17:09,3032.6,6,3032.4,4
26/03/2025 08:17:09,3032.6,6,3032.4,4
26/03/2025 08:17:09,3032.5,1,3032.3,12
26/03/2025 08:17:09,3032.5,1,3032.3,12
26/03/2025 08:17:11,3032.5,1,3032.3,14
26/03/2025 08:17:11,3032.5,1,3032.3,14
26/03/2025 08:17:11,3032.5,1,3032.3,14
26/03/2025 08:17:11,3032.6,11,3032.3,8
26/03/2025 08:17:20,3032.4,4,3032.2,3
26/03/2025 08:17:20,3032.4,4,3032.2,3
26/03/2025 08:17:20,3032.4,4,3032.2,3
26/03/2025 08:17:20,3032.4,4,3032.2,3
26/03/2025 08:17:20,3032.4,4,3032.2,3
26/03/2025 08:17:20,3032.1,1,3032.0,8
26/03/2025 08:17:21,3032.1,1,3032.0,8
26/03/2025 08:17:21,3032.1,1,3032.0,8
26/03/2025 08:17:21,3032.1,1,3032.0,8
26/03/2025 08:17:21,3032.1,1,3032.0,8
26/03/2025 08:17:21,3032.1,1,3032.0,8
26/03/2025 08:17:21,3032.1,1,3032.0,8
26/03/2025 08:17:21,3032.1,1,3032.0,8
26/03/2025 08:17:22,3032.0,3,3031.8,3
26/03/2025 08:17:22,3032.0,3,3031.8,3
26/03/2025 08:17:22,3032.0,3,3031.8,3
26/03/2025 08:17:24,3031.9,5,3031.7,3
26/03/2025 08:17:26,3031.9,3,3031.7,4
26/03/2025 08:17:26,3032.0,3,3031.8,5
26/03/2025 08:17:26,3032.0,3,3031.8,5
26/03/2025 08:17:26,3032.0,3,3031.8,5
26/03/2025 08:17:26,3032.0,2,3031.8,4
26/03/2025 08:17:27,3032.0,2,3031.8,4
26/03/2025 08:17:28,3032.1,6,3031.9,2
26/03/2025 08:17:28,3032.1,10,3031.8,4
26/03/2025 08:17:28,3032.1,10,3031.8,4
26/03/2025 08:17:28,3032.0,2,3031.9,1
26/03/2025 08:17:28,3032.1,5,3031.9,3
26/03/2025 08:17:28,3032.1,5,3031.9,3
26/03/2025 08:17:29,3032.1,4,3031.9,5
26/03/2025 08:17:29,3032.1,3,3031.9,6
26/03/2025 08:17:40,3032.1,2,3032.0,3
26/03/2025 08:17:40,3032.2,6,3032.0,7
26/03/2025 08:17:50,3032.2,2,3032.1,1
26/03/2025 08:17:50,3032.2,1,3032.1,2
26/03/2025 08:17:50,3032.2,1,3032.1,2
26/03/2025 08:17:50,3032.2,1,3032.1,2
26/03/2025 08:17:50,3032.2,1,3032.1,2
26/03/2025 08:17:50,3032.1,1,3032.0,3
26/03/2025 08:17:50,3032.1,1,3032.0,3
26/03/2025 08:17:51,3032.1,6,3031.9,3
26/03/2025 08:17:51,3032.1,7,3031.8,6
26/03/2025 08:17:52,3032.0,3,3031.8,4
26/03/2025 08:17:52,3032.0,3,3031.8,4
26/03/2025 08:17:52,3032.0,1,3031.8,5
26/03/2025 08:17:53,3032.0,3,3031.8,3
26/03/2025 08:17:53,3031.9,1,3031.7,10
26/03/2025 08:17:55,3031.9,1,3031.8,1
26/03/2025 08:17:55,3031.9,1,3031.8,1
26/03/2025 08:17:59,3031.9,1,3031.8,1
26/03/2025 08:18:01,3031.9,2,3031.7,4
26/03/2025 08:18:01,3032.0,6,3031.8,7
26/03/2025 08:18:05,3031.9,2,3031.7,8
26/03/2025 08:18:05,3032.0,1,3031.9,1
26/03/2025 08:18:07,3032.1,3,3032.0,1
26/03/2025 08:18:13,3032.0,5,3031.8,2
26/03/2025 08:18:19,3032.0,1,3031.9,1
26/03/2025 08:18:19,3032.0,3,3031.8,7
26/03/2025 08:18:22,3031.9,2,3031.8,1
26/03/2025 08:18:22,3031.9,2,3031.8,1
26/03/2025 08:18:22,3031.9,2,3031.8,1
26/03/2025 08:18:22,3032.0,7,3031.7,8
26/03/2025 08:18:22,3032.0,7,3031.7,8
26/03/2025 08:18:24,3032.1,7,3031.8,8
26/03/2025 08:18:24,3032.1,7,3031.8,8
26/03/2025 08:18:24,3032.1,7,3031.8,8
26/03/2025 08:18:24,3032.0,1,3031.8,5
26/03/2025 08:18:34,3031.9,2,3031.7,8
26/03/2025 08:18:34,3031.9,1,3031.7,10
26/03/2025 08:18:38,3031.9,1,3031.7,10
26/03/2025 08:18:38,3031.9,1,3031.7,6
26/03/2025 08:18:47,3032.0,9,3031.8,4
26/03/2025 08:18:47,3031.9,4,3031.8,2
26/03/2025 08:18:48,3031.9,8,3031.7,3
26/03/2025 08:18:48,3031.9,8,3031.7,3
26/03/2025 08:18:48,3031.9,8,3031.7,3
26/03/2025 08:18:48,3031.7,2,3031.5,16
26/03/2025 08:18:48,3031.7,2,3031.5,16
26/03/2025 08:18:48,3031.7,2,3031.5,16
26/03/2025 08:18:48,3031.7,2,3031.5,16
26/03/2025 08:18:49,3031.9,4,3031.7,3
26/03/2025 08:18:49,3031.9,4,3031.7,3
26/03/2025 08:18:49,3032.0,6,3031.8,3
26/03/2025 08:18:49,3032.0,6,3031.8,3
26/03/2025 08:18:49,3032.0,4,3031.8,5
26/03/2025 08:18:49,3032.0,4,3031.8,5
26/03/2025 08:18:49,3032.0,4,3031.8,5
26/03/2025 08:18:49,3032.0,4,3031.8,5
26/03/2025 08:18:49,3032.0,8,3031.8,3
26/03/2025 08:18:51,3032.0,8,3031.8,3
26/03/2025 08:18:51,3032.0,8,3031.8,1
26/03/2025 08:18:51,3031.8,1,3031.7,1
26/03/2025 08:18:52,3031.9,3,3031.7,4
26/03/2025 08:18:53,3031.8,4,3031.6,3
26/03/2025 08:18:55,3031.7,4,3031.5,2
26/03/2025 08:18:55,3031.7,7,3031.5,1
26/03/2025 08:18:55,3031.7,4,3031.5,3
26/03/2025 08:18:59,3031.7,7,3031.5,2
26/03/2025 08:18:59,3031.7,4,3031.5,2
26/03/2025 08:18:59,3031.8,9,3031.6,1
26/03/2025 08:18:59,3031.8,9,3031.6,1
26/03/2025 08:19:00,3031.8,9,3031.6,1
26/03/2025 08:19:00,3031.7,5,3031.5,3
26/03/2025 08:19:02,3031.7,3,3031.5,4
26/03/2025 08:19:03,3031.8,9,3031.6,2
26/03/2025 08:19:03,3031.8,9,3031.6,2
26/03/2025 08:19:04,3031.7,3,3031.5,2
26/03/2025 08:19:04,3031.7,3,3031.5,4
26/03/2025 08:19:05,3031.7,1,3031.6,2
26/03/2025 08:19:05,3031.7,1,3031.6,2
26/03/2025 08:19:05,3031.8,3,3031.6,7
26/03/2025 08:19:05,3031.8,3,3031.6,7
26/03/2025 08:19:05,3031.8,3,3031.6,7
26/03/2025 08:19:06,3031.8,3,3031.6,7
26/03/2025 08:19:16,3031.7,1,3031.5,6
26/03/2025 08:19:16,3031.8,5,3031.6,1
26/03/2025 08:19:20,3031.8,4,3031.6,5
26/03/2025 08:19:23,3031.9,3,3031.7,6
26/03/2025 08:19:23,3032.0,1,3031.9,5
26/03/2025 08:19:27,3032.0,1,3031.9,5
26/03/2025 08:19:27,3032.1,2,3032.0,3
26/03/2025 08:19:27,3032.2,3,3032.0,3
26/03/2025 08:19:29,3032.1,1,3032.0,2
26/03/2025 08:19:35,3032.2,1,3032.1,2
26/03/2025 08:19:40,3032.3,2,3032.1,3
26/03/2025 08:19:40,3032.3,1,3032.2,1
26/03/2025 08:19:43,3032.3,2,3032.2,2
26/03/2025 08:19:43,3032.5,2,3032.4,1
26/03/2025 08:19:43,3032.5,2,3032.4,1
26/03/2025 08:19:43,3032.5,2,3032.4,1
26/03/2025 08:19:43,3032.5,2,3032.4,1
26/03/2025 08:19:43,3032.5,2,3032.4,1
26/03/2025 08:19:43,3032.6,3,3032.4,4
26/03/2025 08:19:44,3032.6,3,3032.4,4
26/03/2025 08:19:44,3032.6,3,3032.4,3
26/03/2025 08:19:44,3032.5,9,3032.3,2
26/03/2025 08:19:45,3032.5,4,3032.3,5
26/03/2025 08:19:46,3032.5,4,3032.3,4
26/03/2025 08:19:46,3032.6,4,3032.4,4
26/03/2025 08:19:47,3032.6,4,3032.4,4
26/03/2025 08:19:52,3032.6,4,3032.4,1
26/03/2025 08:19:57,3032.6,6,3032.4,2
26/03/2025 08:19:57,3032.6,6,3032.4,2
26/03/2025 08:20:04,3032.6,5,3032.4,2
26/03/2025 08:20:04,3032.3,5,3032.1,3
26/03/2025 08:20:04,3032.3,1,3032.2,2
26/03/2025 08:20:04,3032.3,1,3032.2,2
26/03/2025 08:20:04,3032.3,1,3032.2,2
26/03/2025 08:20:04,3032.3,1,3032.2,2
26/03/2025 08:20:07,3032.2,2,3032.1,1
26/03/2025 08:20:10,3032.1,4,3031.9,4
26/03/2025 08:20:10,3032.1,4,3031.9,4
26/03/2025 08:20:10,3032.1,4,3031.9,4
26/03/2025 08:20:10,3032.2,4,3032.0,2
26/03/2025 08:20:10,3032.2,4,3032.0,2
26/03/2025 08:20:11,3032.2,1,3032.1,1
26/03/2025 08:20:11,3032.2,5,3032.0,2
26/03/2025 08:20:11,3032.2,5,3032.0,2
26/03/2025 08:20:20,3032.0,1,3031.9,2
26/03/2025 08:20:20,3032.1,2,3031.9,5
26/03/2025 08:20:20,3032.2,7,3031.9,6
26/03/2025 08:20:24,3032.1,2,3031.9,3
26/03/2025 08:20:26,3032.1,2,3031.9,3
26/03/2025 08:20:26,3032.1,2,3031.9,3
26/03/2025 08:20:28,3032.2,5,3032.0,3
26/03/2025 08:20:28,3032.2,5,3032.0,3
26/03/2025 08:20:28,3032.2,5,3032.0,3
26/03/2025 08:20:28,3032.2,9,3031.9,6
26/03/2025 08:20:28,3032.2,9,3031.9,6
26/03/2025 08:20:28,3032.2,5,3032.0,2
26/03/2025 08:20:31,3032.1,2,3031.9,5
26/03/2025 08:20:31,3032.0,6,3031.7,12
26/03/2025 08:20:32,3032.0,6,3031.7,12
26/03/2025 08:20:32,3032.0,6,3031.7,12
26/03/2025 08:20:32,3031.9,1,3031.8,1
26/03/2025 08:20:32,3031.9,1,3031.8,1
26/03/2025 08:20:33,3031.9,1,3031.8,1
26/03/2025 08:20:35,3032.0,7,3031.8,2
26/03/2025 08:20:35,3032.0,2,3031.9,2
26/03/2025 08:20:37,3032.0,2,3031.9,2
26/03/2025 08:20:41,3032.0,2,3031.8,3
26/03/2025 08:20:41,3032.1,8,3031.9,2
26/03/2025 08:20:41,3032.1,8,3031.9,2
26/03/2025 08:20:41,3032.0,6,3031.8,2
26/03/2025 08:20:42,3031.9,1,3031.8,2
26/03/2025 08:20:44,3031.9,5,3031.7,7
26/03/2025 08:20:44,3031.8,3,3031.6,3
26/03/2025 08:20:50,3031.9,6,3031.7,2
26/03/2025 08:20:52,3031.9,6,3031.7,3
26/03/2025 08:20:52,3031.9,11,3031.6,6
26/03/2025 08:20:52,3031.9,11,3031.6,6
26/03/2025 08:20:55,3031.8,2,3031.6,5
26/03/2025 08:20:55,3031.7,2,3031.5,5
26/03/2025 08:20:59,3031.7,6,3031.5,2
26/03/2025 08:20:59,3031.5,2,3031.4,2
26/03/2025 08:20:59,3031.5,2,3031.4,2
26/03/2025 08:21:00,3031.7,2,3031.5,6
26/03/2025 08:21:01,3031.7,1,3031.6,2
26/03/2025 08:21:02,3031.8,12,3031.7,1
26/03/2025 08:21:02,3031.9,3,3031.8,1
26/03/2025 08:21:06,3031.9,3,3031.8,1
26/03/2025 08:21:07,3031.9,1,3031.8,2
26/03/2025 08:21:07,3031.8,1,3031.6,5
26/03/2025 08:21:12,3031.8,3,3031.6,3
26/03/2025 08:21:15,3031.8,1,3031.7,1
26/03/2025 08:21:15,3031.8,4,3031.6,1
26/03/2025 08:21:16,3031.6,2,3031.5,2
26/03/2025 08:21:16,3031.7,2,3031.5,5
26/03/2025 08:21:23,3031.7,1,3031.6,1
26/03/2025 08:21:27,3031.6,2,3031.5,2
26/03/2025 08:21:27,3031.7,3,3031.5,4
26/03/2025 08:21:35,3031.6,2,3031.5,2
26/03/2025 08:21:36,3031.7,2,3031.6,2
26/03/2025 08:21:36,3031.7,2,3031.6,2
26/03/2025 08:21:44,3031.5,4,3031.3,3
26/03/2025 08:21:57,3031.4,2,3031.3,1
26/03/2025 08:21:57,3031.4,4,3031.3,1
26/03/2025 08:22:01,3031.4,6,3031.2,4
26/03/2025 08:22:01,3031.4,6,3031.2,4
26/03/2025 08:22:01,3031.4,6,3031.2,4
26/03/2025 08:22:01,3031.6,4,3031.4,5
26/03/2025 08:22:01,3031.4,2,3031.3,1
26/03/2025 08:22:03,3031.4,1,3031.3,4
26/03/2025 08:22:06,3031.4,1,3031.3,3
26/03/2025 08:22:16,3031.5,8,3031.3,3
26/03/2025 08:22:16,3031.5,8,3031.3,3
26/03/2025 08:22:17,3031.7,4,3031.6,1
26/03/2025 08:22:17,3031.7,4,3031.6,1
26/03/2025 08:22:17,3031.6,1,3031.5,1
26/03/2025 08:22:19,3031.7,3,3031.5,3
26/03/2025 08:22:20,3031.7,5,3031.6,1
26/03/2025 08:22:20,3031.7,5,3031.6,1
26/03/2025 08:22:20,3031.6,5,3031.4,3
26/03/2025 08:22:24,3031.6,5,3031.4,3
26/03/2025 08:22:24,3031.7,7,3031.5,3
26/03/2025 08:22:29,3031.7,6,3031.5,4
26/03/2025 08:22:33,3031.7,7,3031.5,3
26/03/2025 08:22:37,3031.7,8,3031.5,3
26/03/2025 08:22:44,3031.7,3,3031.6,1
26/03/2025 08:22:46,3031.7,2,3031.6,2
26/03/2025 08:22:46,3031.6,2,3031.5,1
26/03/2025 08:22:47,3031.6,3,3031.5,1
26/03/2025 08:22:47,3031.6,5,3031.4,2
26/03/2025 08:22:58,3031.6,6,3031.4,3
26/03/2025 08:23:00,3031.7,3,3031.5,5
26/03/2025 08:23:00,3031.7,3,3031.5,5
26/03/2025 08:23:01,3031.8,5,3031.6,3
26/03/2025 08:23:12,3031.6,1,3031.5,2
26/03/2025 08:23:12,3031.7,1,3031.5,6
26/03/2025 08:23:12,3031.8,5,3031.6,1
26/03/2025 08:23:15,3031.7,1,3031.6,1
26/03/2025 08:23:17,3031.6,1,3031.4,6
26/03/2025 08:23:24,3031.6,1,3031.5,2
26/03/2025 08:23:31,3031.7,2,3031.5,5
26/03/2025 08:23:31,3031.6,2,3031.4,6
26/03/2025 08:23:34,3031.5,2,3031.4,5
26/03/2025 08:23:34,3031.6,2,3031.4,7
26/03/2025 08:23:36,3031.6,1,3031.5,2
26/03/2025 08:23:36,3031.6,1,3031.5,2
26/03/2025 08:23:37,3031.5,4,3031.3,9
26/03/2025 08:23:38,3031.5,7,3031.3,5
26/03/2025 08:23:40,3031.4,6,3031.3,3
26/03/2025 08:23:40,3031.4,5,3031.2,7
26/03/2025 08:23:42,3031.4,5,3031.2,7
26/03/2025 08:23:42,3031.6,5,3031.4,2
26/03/2025 08:23:45,3031.5,2,3031.3,4
26/03/2025 08:23:51,3031.4,2,3031.2,8
26/03/2025 08:23:51,3031.4,2,3031.2,8
26/03/2025 08:23:51,3031.2,2,3031.1,4
26/03/2025 08:23:51,3031.2,3,3031.1,1
26/03/2025 08:23:52,3031.2,3,3031.1,1
26/03/2025 08:23:53,3031.2,3,3031.0,8
26/03/2025 08:23:53,3031.2,3,3031.0,8
26/03/2025 08:23:53,3031.2,3,3031.0,8
26/03/2025 08:23:53,3031.2,3,3031.0,8
26/03/2025 08:23:53,3031.2,3,3031.0,8
26/03/2025 08:23:53,3031.2,3,3031.0,8
26/03/2025 08:23:53,3031.2,3,3031.0,8
26/03/2025 08:23:53,3031.2,3,3031.0,8
26/03/2025 08:23:53,3031.2,4,3031.0,5
26/03/2025 08:23:53,3031.2,6,3031.0,6
26/03/2025 08:23:54,3031.1,4,3030.9,4
26/03/2025 08:23:54,3031.0,2,3030.9,2
26/03/2025 08:23:58,3031.0,1,3030.9,3
26/03/2025 08:23:58,3031.1,3,3030.9,4
26/03/2025 08:24:01,3031.1,3,3031.0,1
26/03/2025 08:24:01,3031.1,2,3031.0,1
26/03/2025 08:24:02,3031.1,2,3031.0,3
26/03/2025 08:24:02,3031.1,2,3030.9,6
26/03/2025 08:24:03,3031.0,2,3030.9,4
26/03/2025 08:24:03,3031.1,4,3030.9,4
26/03/2025 08:24:04,3031.1,5,3030.9,4
26/03/2025 08:24:04,3031.1,5,3030.9,4
26/03/2025 08:24:04,3031.1,5,3030.9,4
26/03/2025 08:24:04,3031.3,4,3031.1,2
26/03/2025 08:24:05,3031.3,4,3031.1,2
26/03/2025 08:24:09,3031.2,2,3031.1,10
26/03/2025 08:24:09,3031.2,2,3031.0,4
26/03/2025 08:24:10,3031.2,3,3031.0,4
26/03/2025 08:24:10,3031.0,3,3030.9,4
26/03/2025 08:24:10,3031.0,4,3030.8,7
26/03/2025 08:24:13,3031.0,4,3030.8,7
26/03/2025 08:24:13,3031.0,3,3030.8,7
26/03/2025 08:24:15,3031.0,3,3030.8,7
26/03/2025 08:24:16,3031.0,4,3030.8,6
26/03/2025 08:24:16,3031.0,4,3030.8,6
26/03/2025 08:24:18,3030.8,1,3030.7,5
26/03/2025 08:24:18,3030.8,1,3030.7,5
26/03/2025 08:24:19,3030.8,2,3030.7,4
26/03/2025 08:24:20,3030.8,2,3030.7,2
26/03/2025 08:24:22,3030.8,2,3030.7,3
26/03/2025 08:24:22,3030.7,2,3030.6,1
26/03/2025 08:24:23,3030.7,2,3030.6,1
26/03/2025 08:24:23,3030.9,8,3030.7,1
26/03/2025 08:24:23,3030.9,4,3030.8,1
26/03/2025 08:24:23,3030.9,4,3030.8,1
26/03/2025 08:24:23,3030.9,4,3030.8,1
26/03/2025 08:24:24,3030.9,4,3030.8,1
26/03/2025 08:24:24,3030.9,4,3030.8,1
26/03/2025 08:24:24,3030.9,4,3030.8,1
26/03/2025 08:24:24,3030.9,4,3030.8,1
26/03/2025 08:24:24,3030.9,4,3030.8,1
26/03/2025 08:24:24,3031.0,4,3030.8,2
26/03/2025 08:24:25,3031.0,2,3030.8,5
26/03/2025 08:24:25,3031.1,4,3030.9,1
26/03/2025 08:24:27,3031.0,2,3030.9,1
26/03/2025 08:24:28,3031.0,1,3030.9,1
26/03/2025 08:24:29,3031.0,3,3030.8,4
26/03/2025 08:24:29,3030.8,5,3030.6,1
26/03/2025 08:24:37,3030.7,4,3030.6,1
26/03/2025 08:24:37,3030.7,4,3030.6,1
26/03/2025 08:24:37,3030.7,4,3030.6,1
26/03/2025 08:24:37,3030.7,2,3030.6,1
26/03/2025 08:24:42,3030.7,2,3030.5,7
26/03/2025 08:24:42,3030.7,2,3030.5,7
26/03/2025 08:24:42,3030.8,4,3030.5,8
26/03/2025 08:24:44,3030.7,3,3030.5,6
26/03/2025 08:24:47,3030.6,2,3030.4,6
26/03/2025 08:24:53,3030.6,2,3030.5,1
26/03/2025 08:24:54,3030.6,3,3030.4,6
26/03/2025 08:24:54,3030.6,4,3030.4,3
26/03/2025 08:24:56,3030.5,3,3030.4,2
26/03/2025 08:24:57,3030.5,3,3030.4,2
26/03/2025 08:24:57,3030.5,3,3030.4,2
26/03/2025 08:24:57,3030.7,1,3030.5,4
26/03/2025 08:24:57,3030.7,1,3030.5,4
26/03/2025 08:24:57,3030.7,1,3030.5,4
26/03/2025 08:24:59,3030.7,2,3030.6,1
26/03/2025 08:24:59,3030.7,2,3030.6,1
26/03/2025 08:24:59,3030.6,1,3030.4,6
26/03/2025 08:25:00,3030.6,1,3030.5,1
26/03/2025 08:25:00,3030.6,1,3030.5,1
26/03/2025 08:25:00,3030.6,4,3030.4,2
26/03/2025 08:25:02,3030.6,2,3030.4,9
26/03/2025 08:25:02,3030.8,6,3030.6,3
26/03/2025 08:25:09,3030.7,3,3030.5,3
26/03/2025 08:25:09,3030.8,4,3030.7,1
26/03/2025 08:25:09,3030.8,4,3030.7,1
26/03/2025 08:25:09,3030.8,4,3030.7,1
26/03/2025 08:25:09,3030.8,4,3030.7,1
26/03/2025 08:25:09,3030.8,4,3030.7,1
26/03/2025 08:25:09,3031.0,1,3030.8,5
26/03/2025 08:25:09,3031.0,1,3030.8,5
26/03/2025 08:25:12,3031.1,3,3030.9,8
26/03/2025 08:25:12,3031.1,3,3030.9,8
26/03/2025 08:25:12,3031.1,5,3030.9,6
26/03/2025 08:25:12,3031.1,5,3030.9,6
26/03/2025 08:25:12,3031.1,6,3030.9,2
26/03/2025 08:25:12,3031.1,6,3030.9,2
26/03/2025 08:25:13,3031.1,4,3030.9,3
26/03/2025 08:25:14,3031.0,1,3030.8,4
26/03/2025 08:25:14,3031.1,1,3030.9,6
26/03/2025 08:25:19,3031.1,3,3030.9,4
26/03/2025 08:25:19,3031.0,5,3030.8,2
26/03/2025 08:25:22,3030.9,2,3030.7,6
26/03/2025 08:25:24,3030.9,2,3030.8,1
26/03/2025 08:25:24,3031.0,5,3030.8,6
26/03/2025 08:25:26,3031.0,4,3030.9,3
26/03/2025 08:25:27,3031.1,1,3030.9,7
26/03/2025 08:25:27,3031.1,1,3030.9,7
26/03/2025 08:25:29,3031.1,4,3030.9,3
26/03/2025 08:25:30,3031.1,2,3030.9,5
26/03/2025 08:25:33,3031.0,2,3030.9,2
26/03/2025 08:25:33,3031.0,4,3030.8,2
26/03/2025 08:25:36,3031.0,5,3030.8,2
26/03/2025 08:25:39,3030.9,2,3030.8,1
26/03/2025 08:25:40,3030.7,1,3030.6,4
26/03/2025 08:25:48,3030.8,1,3030.7,2
26/03/2025 08:25:51,3030.8,2,3030.7,1
26/03/2025 08:25:54,3030.7,1,3030.6,4
26/03/2025 08:25:54,3030.8,4,3030.6,2
26/03/2025 08:25:58,3030.8,2,3030.7,2
26/03/2025 08:25:58,3030.8,2,3030.7,2
26/03/2025 08:25:58,3030.8,2,3030.7,2
26/03/2025 08:26:00,3030.7,2,3030.6,1
26/03/2025 08:26:00,3030.7,3,3030.5,6
26/03/2025 08:26:00,3030.8,3,3030.6,3
26/03/2025 08:26:01,3030.7,1,3030.6,1
26/03/2025 08:26:02,3030.7,2,3030.5,7
26/03/2025 08:26:02,3030.8,3,3030.6,3
26/03/2025 08:26:05,3030.8,3,3030.7,1
26/03/2025 08:26:07,3030.8,3,3030.6,2
26/03/2025 08:26:09,3030.8,2,3030.7,1
26/03/2025 08:26:11,3030.7,2,3030.5,8
26/03/2025 08:26:12,3030.7,1,3030.6,1
26/03/2025 08:26:17,3030.7,2,3030.6,1
26/03/2025 08:26:21,3030.7,2,3030.6,1
26/03/2025 08:26:21,3030.7,2,3030.6,1
26/03/2025 08:26:21,3030.7,2,3030.6,1
26/03/2025 08:26:30,3030.7,1,3030.5,10
26/03/2025 08:26:35,3030.6,1,3030.5,7
26/03/2025 08:26:35,3030.6,1,3030.5,7
26/03/2025 08:26:35,3030.6,1,3030.5,7
26/03/2025 08:26:35,3030.5,9,3030.3,2
26/03/2025 08:26:39,3030.5,9,3030.4,1
26/03/2025 08:26:39,3030.5,9,3030.4,1
26/03/2025 08:26:39,3030.5,9,3030.4,1
26/03/2025 08:26:39,3030.5,9,3030.4,1
26/03/2025 08:26:44,3030.5,9,3030.3,3
26/03/2025 08:26:44,3030.6,3,3030.4,5
26/03/2025 08:26:46,3030.6,3,3030.4,5
26/03/2025 08:26:46,3030.6,3,3030.4,5
26/03/2025 08:27:04,3030.5,3,3030.4,7
26/03/2025 08:27:04,3030.5,3,3030.4,7
26/03/2025 08:27:04,3030.5,3,3030.4,7
26/03/2025 08:27:04,3030.5,3,3030.4,7
26/03/2025 08:27:04,3030.5,3,3030.4,7
26/03/2025 08:27:04,3030.5,3,3030.4,7
26/03/2025 08:27:06,3030.4,7,3030.2,2
26/03/2025 08:27:06,3030.4,7,3030.2,2
26/03/2025 08:27:07,3030.4,2,3030.2,5
26/03/2025 08:27:07,3030.5,1,3030.3,5
26/03/2025 08:27:20,3030.2,4,3030.0,8
26/03/2025 08:27:20,3030.2,2,3030.0,10
26/03/2025 08:27:24,3030.2,4,3030.0,8
26/03/2025 08:27:24,3030.2,4,3030.0,8
26/03/2025 08:27:24,3030.2,4,3030.0,8
26/03/2025 08:27:24,3030.4,6,3030.2,5
26/03/2025 08:27:32,3030.4,3,3030.2,5
26/03/2025 08:27:32,3030.4,3,3030.2,5
26/03/2025 08:27:32,3030.4,3,3030.2,5
26/03/2025 08:27:32,3030.6,2,3030.4,6
26/03/2025 08:27:35,3030.6,1,3030.5,2
26/03/2025 08:27:35,3030.6,1,3030.5,2
26/03/2025 08:27:35,3030.6,1,3030.5,2
26/03/2025 08:27:38,3030.9,5,3030.7,4
26/03/2025 08:27:38,3030.9,5,3030.7,4
26/03/2025 08:27:38,3030.9,5,3030.7,4
26/03/2025 08:27:38,3030.9,5,3030.7,4
26/03/2025 08:27:38,3030.9,5,3030.7,4
26/03/2025 08:27:44,3031.0,1,3030.9,1
26/03/2025 08:27:44,3031.0,2,3030.8,7
26/03/2025 08:27:45,3031.0,5,3030.8,1
26/03/2025 08:27:45,3031.0,5,3030.8,1
26/03/2025 08:27:45,3031.0,5,3030.8,1
26/03/2025 08:27:45,3030.8,3,3030.6,4
26/03/2025 08:27:48,3030.8,1,3030.6,6
26/03/2025 08:27:48,3031.0,1,3030.8,4
26/03/2025 08:27:48,3031.0,1,3030.8,4
26/03/2025 08:27:51,3031.0,1,3030.8,5
26/03/2025 08:27:53,3030.9,1,3030.7,6
26/03/2025 08:27:54,3030.8,1,3030.6,4
26/03/2025 08:27:54,3030.8,1,3030.6,4
26/03/2025 08:28:03,3030.9,3,3030.7,5
26/03/2025 08:28:03,3030.9,3,3030.7,5
26/03/2025 08:28:03,3030.9,3,3030.7,5
26/03/2025 08:28:03,3030.9,3,3030.7,5
26/03/2025 08:28:03,3030.9,3,3030.7,5
26/03/2025 08:28:03,3030.9,3,3030.7,5
26/03/2025 08:28:03,3031.0,1,3030.8,5
26/03/2025 08:28:05,3031.0,1,3030.8,5
26/03/2025 08:28:05,3031.1,4,3030.9,2
26/03/2025 08:28:06,3031.1,4,3030.9,2
26/03/2025 08:28:06,3031.2,4,3031.0,3
26/03/2025 08:28:06,3031.2,4,3031.0,3
26/03/2025 08:28:06,3031.3,2,3031.1,5
26/03/2025 08:28:08,3031.3,3,3031.1,5
26/03/2025 08:28:08,3031.3,3,3031.1,5
26/03/2025 08:28:08,3031.3,1,3031.2,1
26/03/2025 08:28:08,3031.3,1,3031.2,1
26/03/2025 08:28:08,3031.3,1,3031.2,1
26/03/2025 08:28:09,3031.4,1,3031.2,4
26/03/2025 08:28:09,3031.4,1,3031.2,4
26/03/2025 08:28:09,3031.4,1,3031.2,4
26/03/2025 08:28:11,3031.4,1,3031.3,1
26/03/2025 08:28:11,3031.5,2,3031.3,5
26/03/2025 08:28:11,3031.5,2,3031.3,4
26/03/2025 08:28:11,3031.5,1,3031.4,4
26/03/2025 08:28:12,3031.6,5,3031.4,4
26/03/2025 08:28:13,3031.5,1,3031.4,1
26/03/2025 08:28:13,3031.5,3,3031.3,3
26/03/2025 08:28:13,3031.5,2,3031.3,3
26/03/2025 08:28:14,3031.5,2,3031.3,3
26/03/2025 08:28:14,3031.5,1,3031.4,5
26/03/2025 08:28:15,3031.5,1,3031.4,5
26/03/2025 08:28:15,3031.5,6,3031.3,2
26/03/2025 08:28:20,3031.4,2,3031.3,1
26/03/2025 08:28:20,3031.5,5,3031.3,4
26/03/2025 08:28:25,3031.5,6,3031.2,7
26/03/2025 08:28:31,3031.3,2,3031.2,1
26/03/2025 08:28:32,3031.3,1,3031.1,6
26/03/2025 08:28:32,3031.3,1,3031.1,6
26/03/2025 08:28:53,3031.5,8,3031.3,1
26/03/2025 08:28:53,3031.3,2,3031.1,6
26/03/2025 08:28:53,3031.3,2,3031.1,6
26/03/2025 08:28:53,3031.3,2,3031.1,6
26/03/2025 08:28:53,3031.5,7,3031.3,4
26/03/2025 08:28:55,3031.5,5,3031.4,1
26/03/2025 08:28:57,3031.5,7,3031.3,1
26/03/2025 08:28:58,3031.4,4,3031.2,3
26/03/2025 08:28:59,3031.4,2,3031.2,4
26/03/2025 08:28:59,3031.5,4,3031.4,1
26/03/2025 08:29:00,3031.5,4,3031.4,1
26/03/2025 08:29:00,3031.5,1,3031.4,1
26/03/2025 08:29:06,3031.8,9,3031.6,2
26/03/2025 08:29:06,3031.6,2,3031.4,4
26/03/2025 08:29:08,3031.7,3,3031.5,4
26/03/2025 08:29:09,3031.6,4,3031.4,2
26/03/2025 08:29:11,3031.6,4,3031.4,2
26/03/2025 08:29:15,3031.4,2,3031.2,5
26/03/2025 08:29:15,3031.3,1,3031.2,2
26/03/2025 08:29:16,3031.3,1,3031.2,2
26/03/2025 08:29:16,3031.4,4,3031.2,2
26/03/2025 08:29:21,3031.4,1,3031.2,5
26/03/2025 08:29:21,3031.3,7,3031.1,4
26/03/2025 08:29:26,3031.3,7,3031.1,4
26/03/2025 08:29:26,3031.4,1,3031.2,6
26/03/2025 08:29:27,3031.4,1,3031.2,6
26/03/2025 08:29:36,3031.4,1,3031.2,7
26/03/2025 08:29:50,3031.4,2,3031.3,4
26/03/2025 08:29:50,3031.5,3,3031.3,9
26/03/2025 08:29:54,3031.5,3,3031.3,9
26/03/2025 08:30:01,3031.4,2,3031.2,5
26/03/2025 08:30:01,3031.4,2,3031.2,5
26/03/2025 08:30:01,3031.3,2,3031.1,5
26/03/2025 08:30:02,3031.3,2,3031.1,5
26/03/2025 08:30:02,3031.3,2,3031.1,5
26/03/2025 08:30:08,3031.4,2,3031.2,4
26/03/2025 08:30:08,3031.4,1,3031.2,6
26/03/2025 08:30:09,3031.4,2,3031.2,5
26/03/2025 08:30:10,3031.4,1,3031.3,1
26/03/2025 08:30:17,3031.5,3,3031.4,1
26/03/2025 08:30:26,3031.5,4,3031.4,7
26/03/2025 08:30:26,3031.7,3,3031.5,2
26/03/2025 08:30:28,3031.6,1,3031.5,1
26/03/2025 08:30:28,3031.6,1,3031.5,1
26/03/2025 08:30:30,3031.7,2,3031.5,4
26/03/2025 08:30:34,3031.6,1,3031.4,9
26/03/2025 08:30:46,3031.7,3,3031.5,4
26/03/2025 08:30:56,3031.7,3,3031.6,2
26/03/2025 08:31:03,3031.7,3,3031.6,3
26/03/2025 08:31:03,3031.7,5,3031.5,5
26/03/2025 08:31:04,3031.6,1,3031.5,5
26/03/2025 08:31:04,3031.6,4,3031.4,6
26/03/2025 08:31:06,3031.6,4,3031.4,6
26/03/2025 08:31:06,3031.4,3,3031.2,3
26/03/2025 08:31:08,3031.4,4,3031.2,2
26/03/2025 08:31:08,3031.4,2,3031.2,5
26/03/2025 08:31:09,3031.4,2,3031.2,5
26/03/2025 08:31:09,3031.4,2,3031.2,5
26/03/2025 08:31:09,3031.1,1,3031.0,2
26/03/2025 08:31:14,3031.1,2,3031.0,1
26/03/2025 08:31:17,3031.1,2,3031.0,1
26/03/2025 08:31:17,3031.1,3,3030.9,13
26/03/2025 08:31:17,3031.1,3,3030.9,13
26/03/2025 08:31:17,3031.1,3,3030.9,13
26/03/2025 08:31:18,3031.3,3,3031.1,5
26/03/2025 08:31:18,3031.2,4,3030.9,14
26/03/2025 08:31:29,3031.2,3,3031.0,3
26/03/2025 08:31:35,3031.3,7,3031.1,2
26/03/2025 08:31:38,3031.2,3,3030.9,14
26/03/2025 08:31:40,3031.2,1,3031.1,4
26/03/2025 08:31:40,3031.3,5,3031.1,2
26/03/2025 08:31:45,3031.3,7,3031.1,5
26/03/2025 08:31:46,3031.2,3,3031.0,6
26/03/2025 08:32:24,3031.3,3,3031.2,1
26/03/2025 08:32:30,3031.1,1,3031.0,1
26/03/2025 08:32:30,3031.1,1,3031.0,1
26/03/2025 08:32:30,3031.1,1,3031.0,1
26/03/2025 08:32:30,3031.1,1,3031.0,1
26/03/2025 08:32:30,3031.4,10,3031.1,7
26/03/2025 08:32:34,3031.2,1,3031.0,8
26/03/2025 08:32:45,3031.3,1,3031.2,3
26/03/2025 08:32:45,3031.4,6,3031.2,6
26/03/2025 08:32:45,3031.4,6,3031.2,2
26/03/2025 08:33:14,3031.3,9,3031.1,3
26/03/2025 08:33:14,3031.3,9,3031.1,3
26/03/2025 08:33:14,3031.3,9,3031.1,3
26/03/2025 08:33:14,3031.4,5,3031.3,1
26/03/2025 08:33:18,3031.4,5,3031.3,3
26/03/2025 08:33:18,3031.5,4,3031.3,1
26/03/2025 08:33:18,3031.5,4,3031.3,1
26/03/2025 08:33:35,3031.4,2,3031.2,8
26/03/2025 08:33:50,3031.2,1,3031.1,4
26/03/2025 08:33:59,3031.2,1,3031.1,4
26/03/2025 08:34:08,3031.5,1,3031.4,2
26/03/2025 08:34:08,3031.5,3,3031.3,3
26/03/2025 08:34:20,3031.4,2,3031.2,6
26/03/2025 08:34:30,3031.6,2,3031.5,1
26/03/2025 08:34:31,3031.6,3,3031.4,4
26/03/2025 08:34:31,3031.6,3,3031.4,4
26/03/2025 08:34:44,3031.6,2,3031.4,5
26/03/2025 08:34:44,3031.6,1,3031.5,1
26/03/2025 08:34:45,3031.6,1,3031.5,1
26/03/2025 08:34:50,3031.5,2,3031.3,6
26/03/2025 08:34:52,3031.7,1,3031.5,5
26/03/2025 08:34:52,3031.7,1,3031.5,5
26/03/2025 08:34:52,3031.7,1,3031.5,5
26/03/2025 08:34:52,3031.7,1,3031.5,5
26/03/2025 08:34:52,3031.7,1,3031.5,5
26/03/2025 08:34:52,3031.7,1,3031.5,5
26/03/2025 08:34:52,3031.8,2,3031.6,4
26/03/2025 08:35:00,3031.9,5,3031.7,1
26/03/2025 08:35:02,3031.7,1,3031.6,6
26/03/2025 08:35:02,3031.7,1,3031.6,1
26/03/2025 08:35:03,3031.7,1,3031.5,6
26/03/2025 08:35:12,3031.7,2,3031.5,3
26/03/2025 08:35:12,3031.8,4,3031.6,2
26/03/2025 08:35:13,3031.8,4,3031.6,2
26/03/2025 08:35:17,3031.9,5,3031.7,2
26/03/2025 08:35:20,3031.9,6,3031.7,2
26/03/2025 08:35:20,3031.8,6,3031.6,1
26/03/2025 08:35:29,3031.8,5,3031.6,1
26/03/2025 08:35:31,3031.7,1,3031.5,3
26/03/2025 08:35:33,3031.7,4,3031.5,2
26/03/2025 08:35:33,3031.7,6,3031.5,1
26/03/2025 08:35:49,3031.8,5,3031.6,3
26/03/2025 08:36:01,3031.7,4,3031.5,3
26/03/2025 08:36:01,3031.8,6,3031.6,2
26/03/2025 08:36:05,3031.8,6,3031.6,2
26/03/2025 08:36:08,3031.8,1,3031.7,3
26/03/2025 08:36:11,3031.9,4,3031.7,5
26/03/2025 08:36:16,3031.9,4,3031.7,1
26/03/2025 08:36:19,3031.7,2,3031.5,2
26/03/2025 08:36:19,3031.8,3,3031.6,1
26/03/2025 08:36:20,3031.8,2,3031.6,4
26/03/2025 08:36:37,3031.9,5,3031.7,2
26/03/2025 08:36:37,3031.9,1,3031.7,4
26/03/2025 08:36:40,3032.0,9,3031.7,6
26/03/2025 08:36:44,3032.0,9,3031.8,3
26/03/2025 08:36:53,3031.9,5,3031.7,1
26/03/2025 08:36:55,3031.9,2,3031.7,3
26/03/2025 08:36:55,3032.0,9,3031.8,1
26/03/2025 08:36:56,3032.0,9,3031.8,1
26/03/2025 08:36:56,3031.9,1,3031.8,2
26/03/2025 08:37:00,3031.8,1,3031.7,1
26/03/2025 08:37:02,3031.8,5,3031.6,2
26/03/2025 08:37:02,3031.7,4,3031.5,5
26/03/2025 08:37:05,3031.7,1,3031.6,1
26/03/2025 08:37:05,3031.7,1,3031.6,1
26/03/2025 08:37:06,3031.7,1,3031.6,2
26/03/2025 08:37:10,3031.7,1,3031.6,3
26/03/2025 08:37:10,3031.7,1,3031.5,5
26/03/2025 08:37:14,3031.7,3,3031.5,3
26/03/2025 08:37:15,3031.6,1,3031.5,3
26/03/2025 08:37:15,3031.6,1,3031.5,3
26/03/2025 08:37:15,3031.6,4,3031.4,2
26/03/2025 08:37:17,3031.6,4,3031.4,2
26/03/2025 08:37:21,3031.6,1,3031.4,4
26/03/2025 08:37:21,3031.5,1,3031.3,4
26/03/2025 08:37:46,3031.6,6,3031.4,4
26/03/2025 08:37:59,3031.5,6,3031.3,2
26/03/2025 08:38:08,3031.4,2,3031.2,9
26/03/2025 08:38:08,3031.4,2,3031.2,9
26/03/2025 08:38:08,3031.2,6,3031.0,5
26/03/2025 08:38:08,3031.2,6,3031.0,5
26/03/2025 08:38:25,3031.1,1,3030.9,3
26/03/2025 08:38:25,3031.1,2,3030.9,3
26/03/2025 08:38:34,3031.1,4,3030.9,2
26/03/2025 08:38:34,3031.1,4,3030.9,2
26/03/2025 08:38:41,3030.8,4,3030.6,5
26/03/2025 08:38:41,3030.8,7,3030.6,5
26/03/2025 08:38:44,3030.7,1,3030.6,2
26/03/2025 08:38:44,3030.8,6,3030.6,2
26/03/2025 08:38:51,3030.7,4,3030.6,1
26/03/2025 08:39:01,3030.7,5,3030.6,1
26/03/2025 08:39:04,3030.6,3,3030.4,9
26/03/2025 08:39:04,3030.7,4,3030.5,4
26/03/2025 08:39:08,3030.9,6,3030.6,8
26/03/2025 08:39:10,3030.8,1,3030.6,3
26/03/2025 08:39:10,3030.8,4,3030.6,2
26/03/2025 08:39:16,3030.7,4,3030.5,2
26/03/2025 08:39:16,3030.7,4,3030.5,2
26/03/2025 08:39:16,3030.7,4,3030.5,2
26/03/2025 08:39:16,3030.7,4,3030.5,2
26/03/2025 08:39:16,3030.3,2,3030.2,1
26/03/2025 08:39:16,3030.3,2,3030.2,1
26/03/2025 08:39:16,3030.3,2,3030.2,1
26/03/2025 08:39:16,3030.3,3,3030.1,4
26/03/2025 08:39:16,3030.3,3,3030.1,4
26/03/2025 08:39:23,3030.5,2,3030.4,1
26/03/2025 08:39:23,3030.5,2,3030.4,1
26/03/2025 08:39:23,3030.6,2,3030.4,5
26/03/2025 08:39:46,3030.6,2,3030.5,2
26/03/2025 08:39:46,3030.5,3,3030.4,2
26/03/2025 08:39:46,3030.5,3,3030.3,2
26/03/2025 08:39:46,3030.5,3,3030.3,2
26/03/2025 08:39:55,3030.4,3,3030.2,2
26/03/2025 08:39:55,3030.4,3,3030.2,2
26/03/2025 08:39:55,3030.4,3,3030.2,2
26/03/2025 08:39:56,3030.4,6,3030.2,1
26/03/2025 08:39:56,3030.2,1,3030.0,10
26/03/2025 08:40:01,3030.2,3,3030.1,1
26/03/2025 08:40:01,3030.2,3,3030.0,10
26/03/2025 08:40:01,3030.2,5,3030.0,7
26/03/2025 08:40:02,3030.2,4,3030.0,5
26/03/2025 08:40:02,3030.2,4,3030.0,5
26/03/2025 08:40:02,3030.2,2,3030.1,1
26/03/2025 08:40:03,3030.2,3,3030.0,3
26/03/2025 08:40:03,3030.2,3,3030.0,3
26/03/2025 08:40:03,3030.2,3,3030.0,3
26/03/2025 08:40:05,3030.1,2,3030.0,3
26/03/2025 08:40:05,3030.1,3,3029.9,3
26/03/2025 08:40:05,3030.1,3,3029.9,3
26/03/2025 08:40:06,3030.2,7,3030.0,3
26/03/2025 08:40:06,3030.2,7,3030.0,3
26/03/2025 08:40:06,3030.4,1,3030.2,3
26/03/2025 08:40:06,3030.4,1,3030.2,3
26/03/2025 08:40:09,3030.3,2,3030.2,1
26/03/2025 08:40:10,3030.3,3,3030.1,3
26/03/2025 08:40:14,3030.5,5,3030.3,2
26/03/2025 08:40:24,3030.4,1,3030.2,6
26/03/2025 08:40:26,3030.5,1,3030.4,1
26/03/2025 08:40:28,3030.4,5,3030.2,3
26/03/2025 08:40:28,3030.3,3,3030.2,1
26/03/2025 08:40:31,3030.3,3,3030.2,1
26/03/2025 08:40:31,3030.4,1,3030.2,9
26/03/2025 08:40:49,3030.4,3,3030.2,10
26/03/2025 08:40:56,3030.4,2,3030.2,11
26/03/2025 08:40:59,3030.5,1,3030.4,5
26/03/2025 08:41:33,3030.5,5,3030.3,2
26/03/2025 08:41:33,3030.4,2,3030.3,2
26/03/2025 08:41:34,3030.4,2,3030.3,2
26/03/2025 08:41:36,3030.5,4,3030.3,3
26/03/2025 08:41:37,3030.3,5,3030.2,2
26/03/2025 08:41:37,3030.3,5,3030.2,2
26/03/2025 08:41:37,3030.3,5,3030.1,3
26/03/2025 08:41:41,3030.3,1,3030.1,3
26/03/2025 08:41:53,3030.4,9,3030.2,3
26/03/2025 08:41:57,3030.4,11,3030.2,3
26/03/2025 08:42:03,3030.4,9,3030.2,4
26/03/2025 08:42:27,3030.4,11,3030.2,3
26/03/2025 08:42:27,3030.2,2,3030.1,2
26/03/2025 08:42:28,3030.2,3,3030.1,2
26/03/2025 08:42:28,3030.2,3,3030.1,2
26/03/2025 08:42:28,3030.2,3,3030.1,2
26/03/2025 08:42:28,3030.4,1,3030.2,6
26/03/2025 08:42:31,3030.5,4,3030.4,1
26/03/2025 08:42:31,3030.6,3,3030.4,4
26/03/2025 08:42:31,3030.6,3,3030.4,4
26/03/2025 08:42:32,3030.6,3,3030.4,6
26/03/2025 08:42:33,3030.7,4,3030.5,4
26/03/2025 08:42:35,3030.6,1,3030.4,6
26/03/2025 08:42:42,3030.7,4,3030.5,6
26/03/2025 08:42:43,3030.7,3,3030.5,7
26/03/2025 08:42:43,3030.7,3,3030.5,7
26/03/2025 08:42:43,3030.7,3,3030.5,7
26/03/2025 08:42:43,3030.7,3,3030.5,7
26/03/2025 08:42:43,3030.7,3,3030.5,7
26/03/2025 08:42:43,3031.0,1,3030.9,2
26/03/2025 08:42:46,3031.0,1,3030.8,6
26/03/2025 08:42:52,3031.0,1,3030.8,4
26/03/2025 08:42:55,3031.1,3,3030.9,2
26/03/2025 08:42:55,3031.1,3,3030.9,2
26/03/2025 08:42:55,3031.1,3,3030.9,2
26/03/2025 08:42:55,3031.1,3,3030.9,2
26/03/2025 08:42:55,3031.1,3,3030.9,2
26/03/2025 08:42:55,3030.8,3,3030.6,7
26/03/2025 08:43:03,3030.7,1,3030.6,1
26/03/2025 08:43:09,3030.7,4,3030.6,1
26/03/2025 08:43:09,3030.7,4,3030.6,1
26/03/2025 08:43:09,3030.7,4,3030.6,1
26/03/2025 08:43:09,3030.8,2,3030.6,7
26/03/2025 08:43:10,3030.8,2,3030.6,7
26/03/2025 08:43:39,3030.8,5,3030.6,5
26/03/2025 08:43:40,3030.8,2,3030.6,7
26/03/2025 08:43:46,3030.8,5,3030.6,3
26/03/2025 08:43:46,3030.6,5,3030.4,4
26/03/2025 08:43:52,3030.7,5,3030.5,5
26/03/2025 08:43:52,3030.6,1,3030.5,2
26/03/2025 08:43:53,3030.6,1,3030.5,2
26/03/2025 08:44:00,3030.8,1,3030.7,2
26/03/2025 08:44:05,3030.9,3,3030.7,5
26/03/2025 08:44:05,3030.8,5,3030.6,4
26/03/2025 08:44:15,3030.6,3,3030.5,2
26/03/2025 08:44:15,3030.6,3,3030.5,2
26/03/2025 08:44:20,3030.6,2,3030.5,1
26/03/2025 08:44:20,3030.6,2,3030.5,1
26/03/2025 08:44:20,3030.5,3,3030.3,5
26/03/2025 08:44:30,3030.4,3,3030.3,1
26/03/2025 08:44:30,3030.4,3,3030.3,1
26/03/2025 08:44:30,3030.4,3,3030.3,1
26/03/2025 08:44:32,3030.6,2,3030.5,1
26/03/2025 08:44:50,3030.5,1,3030.4,1
26/03/2025 08:45:04,3030.5,3,3030.3,2
26/03/2025 08:45:04,3030.3,2,3030.1,5
26/03/2025 08:45:08,3030.2,3,3030.1,1
26/03/2025 08:45:08,3030.2,3,3030.1,1
26/03/2025 08:45:16,3030.2,2,3030.0,3
26/03/2025 08:45:26,3030.4,6,3030.2,2
26/03/2025 08:45:26,3030.3,4,3030.1,2
26/03/2025 08:45:31,3030.2,2,3030.1,3
26/03/2025 08:45:32,3030.2,3,3030.0,5
26/03/2025 08:45:33,3030.2,2,3030.1,1
26/03/2025 08:45:33,3030.3,2,3030.1,3
26/03/2025 08:45:41,3030.3,4,3030.1,1
26/03/2025 08:45:44,3030.0,4,3029.9,1
26/03/2025 08:45:44,3030.0,4,3029.9,1
26/03/2025 08:45:44,3030.0,4,3029.9,1
26/03/2025 08:45:44,3030.0,4,3029.9,1
26/03/2025 08:45:44,3030.0,4,3029.9,1
26/03/2025 08:45:44,3030.0,4,3029.9,1
26/03/2025 08:45:44,3030.0,4,3029.9,1
26/03/2025 08:45:44,3030.0,4,3029.9,1
26/03/2025 08:45:44,3030.0,4,3029.9,1
26/03/2025 08:45:44,3030.0,4,3029.9,1
26/03/2025 08:45:44,3030.0,4,3029.9,1
26/03/2025 08:45:44,3030.0,4,3029.9,1
26/03/2025 08:45:44,3030.0,4,3029.9,1
26/03/2025 08:45:44,3029.9,5,3029.7,3
26/03/2025 08:45:45,3029.9,5,3029.7,3
